%YAML 1.1
%TAG !u! tag:unity3d.com,2011:
--- !u!29 &1
SceneSettings:
  m_ObjectHideFlags: 0
  m_PVSData: 
  m_PVSObjectsArray: []
  m_PVSPortalsArray: []
  m_OcclusionBakeSettings:
    smallestOccluder: 5
    smallestHole: .25
    backfaceThreshold: 100
--- !u!104 &2
RenderSettings:
  m_Fog: 0
  m_FogColor: {r: .5, g: .5, b: .5, a: 1}
  m_FogMode: 3
  m_FogDensity: .00999999978
  m_LinearFogStart: 0
  m_LinearFogEnd: 300
  m_AmbientLight: {r: .200000003, g: .200000003, b: .200000003, a: 1}
  m_SkyboxMaterial: {fileID: 0}
  m_HaloStrength: .5
  m_FlareStrength: 1
  m_FlareFadeSpeed: 3
  m_HaloTexture: {fileID: 0}
  m_SpotCookie: {fileID: 0}
  m_ObjectHideFlags: 0
--- !u!127 &3
LevelGameManager:
  m_ObjectHideFlags: 0
--- !u!157 &4
LightmapSettings:
  m_ObjectHideFlags: 0
  m_LightProbes: {fileID: 0}
  m_Lightmaps: []
  m_LightmapsMode: 1
  m_BakedColorSpace: 0
  m_UseDualLightmapsInForward: 0
  m_LightmapEditorSettings:
    m_Resolution: 50
    m_LastUsedResolution: 0
    m_TextureWidth: 1024
    m_TextureHeight: 1024
    m_BounceBoost: 1
    m_BounceIntensity: 1
    m_SkyLightColor: {r: .860000014, g: .930000007, b: 1, a: 1}
    m_SkyLightIntensity: 0
    m_Quality: 0
    m_Bounces: 1
    m_FinalGatherRays: 1000
    m_FinalGatherContrastThreshold: .0500000007
    m_FinalGatherGradientThreshold: 0
    m_FinalGatherInterpolationPoints: 15
    m_AOAmount: 0
    m_AOMaxDistance: .100000001
    m_AOContrast: 1
    m_LODSurfaceMappingDistance: 1
    m_Padding: 0
    m_TextureCompression: 0
    m_LockAtlas: 0
--- !u!196 &5
NavMeshSettings:
  m_ObjectHideFlags: 0
  m_BuildSettings:
    agentRadius: .5
    agentHeight: 2
    agentSlope: 45
    agentClimb: .400000006
    ledgeDropHeight: 0
    maxJumpAcrossDistance: 0
    accuratePlacement: 0
    minRegionArea: 2
    widthInaccuracy: 16.666666
    heightInaccuracy: 10
  m_NavMesh: {fileID: 0}
--- !u!1 &116784890
GameObject:
  m_ObjectHideFlags: 0
  m_PrefabParentObject: {fileID: 0}
  m_PrefabInternal: {fileID: 0}
  serializedVersion: 4
  m_Component:
  - 4: {fileID: 116784894}
  - 33: {fileID: 116784893}
  - 65: {fileID: 116784892}
  - 23: {fileID: 116784891}
  m_Layer: 0
  m_Name: Cube
  m_TagString: Untagged
  m_Icon: {fileID: 0}
  m_NavMeshLayer: 0
  m_StaticEditorFlags: 0
  m_IsActive: 1
--- !u!23 &116784891
Renderer:
  m_ObjectHideFlags: 0
  m_PrefabParentObject: {fileID: 0}
  m_PrefabInternal: {fileID: 0}
  m_GameObject: {fileID: 116784890}
  m_Enabled: 1
  m_CastShadows: 1
  m_ReceiveShadows: 1
  m_LightmapIndex: 255
  m_LightmapTilingOffset: {x: 1, y: 1, z: 0, w: 0}
  m_Materials:
  - {fileID: 2100000, guid: 48640a57a4913f64ca80d8089df69b1a, type: 2}
  m_SubsetIndices: 
  m_StaticBatchRoot: {fileID: 0}
  m_UseLightProbes: 0
  m_LightProbeAnchor: {fileID: 0}
  m_ScaleInLightmap: 1
  m_SortingLayer: 0
  m_SortingOrder: 0
  m_SortingLayerID: 0
--- !u!65 &116784892
BoxCollider:
  m_ObjectHideFlags: 0
  m_PrefabParentObject: {fileID: 0}
  m_PrefabInternal: {fileID: 0}
  m_GameObject: {fileID: 116784890}
  m_Material: {fileID: 0}
  m_IsTrigger: 0
  m_Enabled: 1
  serializedVersion: 2
  m_Size: {x: 1, y: 1, z: 1}
  m_Center: {x: 0, y: 0, z: 0}
--- !u!33 &116784893
MeshFilter:
  m_ObjectHideFlags: 0
  m_PrefabParentObject: {fileID: 0}
  m_PrefabInternal: {fileID: 0}
  m_GameObject: {fileID: 116784890}
  m_Mesh: {fileID: 10202, guid: 0000000000000000e000000000000000, type: 0}
--- !u!4 &116784894
Transform:
  m_ObjectHideFlags: 0
  m_PrefabParentObject: {fileID: 0}
  m_PrefabInternal: {fileID: 0}
  m_GameObject: {fileID: 116784890}
  m_LocalRotation: {x: 0, y: .702570498, z: 0, w: .711614192}
  m_LocalPosition: {x: 43.293499, y: 2.32769537, z: -15.6518927}
  m_LocalScale: {x: .272518903, y: 3.26274419, z: 3.38052654}
  m_Children: []
  m_Father: {fileID: 0}
--- !u!1 &165862439
GameObject:
  m_ObjectHideFlags: 0
  m_PrefabParentObject: {fileID: 100004, guid: 1afda6a74ad20f649b1cf82534fe8e68, type: 2}
  m_PrefabInternal: {fileID: 1520665072}
  serializedVersion: 4
  m_Component:
  - 4: {fileID: 165862440}
  - 33: {fileID: 165862443}
  - 65: {fileID: 165862442}
  - 23: {fileID: 165862441}
  m_Layer: 0
  m_Name: Cube
  m_TagString: Untagged
  m_Icon: {fileID: 0}
  m_NavMeshLayer: 0
  m_StaticEditorFlags: 0
  m_IsActive: 1
--- !u!4 &165862440
Transform:
  m_ObjectHideFlags: 0
  m_PrefabParentObject: {fileID: 400004, guid: 1afda6a74ad20f649b1cf82534fe8e68, type: 2}
  m_PrefabInternal: {fileID: 1520665072}
  m_GameObject: {fileID: 165862439}
  m_LocalRotation: {x: 0, y: .707106829, z: 0, w: .707106829}
  m_LocalPosition: {x: 1.45006132, y: -4.6514492, z: -19.8637753}
  m_LocalScale: {x: .0446033701, y: 4.32601261, z: 22.9712811}
  m_Children: []
  m_Father: {fileID: 1254131190}
--- !u!23 &165862441
Renderer:
  m_ObjectHideFlags: 0
  m_PrefabParentObject: {fileID: 2300002, guid: 1afda6a74ad20f649b1cf82534fe8e68,
    type: 2}
  m_PrefabInternal: {fileID: 1520665072}
  m_GameObject: {fileID: 165862439}
  m_Enabled: 1
  m_CastShadows: 1
  m_ReceiveShadows: 1
  m_LightmapIndex: 255
  m_LightmapTilingOffset: {x: 1, y: 1, z: 0, w: 0}
  m_Materials:
  - {fileID: 10302, guid: 0000000000000000f000000000000000, type: 0}
  m_SubsetIndices: 
  m_StaticBatchRoot: {fileID: 0}
  m_UseLightProbes: 0
  m_LightProbeAnchor: {fileID: 0}
  m_ScaleInLightmap: 1
  m_SortingLayer: 0
  m_SortingOrder: 0
  m_SortingLayerID: 0
--- !u!65 &165862442
BoxCollider:
  m_ObjectHideFlags: 0
  m_PrefabParentObject: {fileID: 6500002, guid: 1afda6a74ad20f649b1cf82534fe8e68,
    type: 2}
  m_PrefabInternal: {fileID: 1520665072}
  m_GameObject: {fileID: 165862439}
  m_Material: {fileID: 0}
  m_IsTrigger: 0
  m_Enabled: 1
  serializedVersion: 2
  m_Size: {x: 1, y: 1, z: 1}
  m_Center: {x: 0, y: 0, z: 0}
--- !u!33 &165862443
MeshFilter:
  m_ObjectHideFlags: 0
  m_PrefabParentObject: {fileID: 3300002, guid: 1afda6a74ad20f649b1cf82534fe8e68,
    type: 2}
  m_PrefabInternal: {fileID: 1520665072}
  m_GameObject: {fileID: 165862439}
  m_Mesh: {fileID: 10202, guid: 0000000000000000e000000000000000, type: 0}
--- !u!1001 &331751188
Prefab:
  m_ObjectHideFlags: 0
  serializedVersion: 2
  m_Modification:
    m_TransformParent: {fileID: 0}
    m_Modifications:
    - target: {fileID: 400000, guid: 1afda6a74ad20f649b1cf82534fe8e68, type: 2}
      propertyPath: m_LocalPosition.x
      value: 28.1368771
      objectReference: {fileID: 0}
    - target: {fileID: 400000, guid: 1afda6a74ad20f649b1cf82534fe8e68, type: 2}
      propertyPath: m_LocalPosition.y
      value: 6.69052124
      objectReference: {fileID: 0}
    - target: {fileID: 400000, guid: 1afda6a74ad20f649b1cf82534fe8e68, type: 2}
      propertyPath: m_LocalPosition.z
      value: -36.7724953
      objectReference: {fileID: 0}
    - target: {fileID: 400000, guid: 1afda6a74ad20f649b1cf82534fe8e68, type: 2}
      propertyPath: m_LocalRotation.x
      value: 0
      objectReference: {fileID: 0}
    - target: {fileID: 400000, guid: 1afda6a74ad20f649b1cf82534fe8e68, type: 2}
      propertyPath: m_LocalRotation.y
      value: 0
      objectReference: {fileID: 0}
    - target: {fileID: 400000, guid: 1afda6a74ad20f649b1cf82534fe8e68, type: 2}
      propertyPath: m_LocalRotation.z
      value: 0
      objectReference: {fileID: 0}
    - target: {fileID: 400000, guid: 1afda6a74ad20f649b1cf82534fe8e68, type: 2}
      propertyPath: m_LocalRotation.w
      value: 1
      objectReference: {fileID: 0}
    - target: {fileID: 2300000, guid: 1afda6a74ad20f649b1cf82534fe8e68, type: 2}
      propertyPath: m_Materials.Array.data[0]
      value: 
      objectReference: {fileID: 2100000, guid: 17bbe4160cbb9f64e9a388b22c8360f7, type: 2}
    - target: {fileID: 400000, guid: 1afda6a74ad20f649b1cf82534fe8e68, type: 2}
      propertyPath: m_LocalScale.z
      value: 1.84843159
      objectReference: {fileID: 0}
    - target: {fileID: 400000, guid: 1afda6a74ad20f649b1cf82534fe8e68, type: 2}
      propertyPath: m_LocalScale.x
      value: 1.7452029
      objectReference: {fileID: 0}
    m_RemovedComponents: []
  m_ParentPrefab: {fileID: 100100000, guid: 1afda6a74ad20f649b1cf82534fe8e68, type: 2}
  m_RootGameObject: {fileID: 908257819}
  m_IsPrefabParent: 0
  m_IsExploded: 1
--- !u!1 &332858901
GameObject:
  m_ObjectHideFlags: 0
  m_PrefabParentObject: {fileID: 0}
  m_PrefabInternal: {fileID: 0}
  serializedVersion: 4
  m_Component:
  - 4: {fileID: 332858905}
  - 33: {fileID: 332858904}
  - 136: {fileID: 332858903}
  - 23: {fileID: 332858902}
  m_Layer: 0
  m_Name: Cylinder
  m_TagString: Untagged
  m_Icon: {fileID: 0}
  m_NavMeshLayer: 0
  m_StaticEditorFlags: 0
  m_IsActive: 1
--- !u!23 &332858902
Renderer:
  m_ObjectHideFlags: 0
  m_PrefabParentObject: {fileID: 0}
  m_PrefabInternal: {fileID: 0}
  m_GameObject: {fileID: 332858901}
  m_Enabled: 1
  m_CastShadows: 1
  m_ReceiveShadows: 1
  m_LightmapIndex: 255
  m_LightmapTilingOffset: {x: 1, y: 1, z: 0, w: 0}
  m_Materials:
  - {fileID: 2100000, guid: 5ed297eb4b0ccc648bd0d524d98d0bcf, type: 2}
  m_SubsetIndices: 
  m_StaticBatchRoot: {fileID: 0}
  m_UseLightProbes: 0
  m_LightProbeAnchor: {fileID: 0}
  m_ScaleInLightmap: 1
  m_SortingLayer: 0
  m_SortingOrder: 0
  m_SortingLayerID: 0
--- !u!136 &332858903
CapsuleCollider:
  m_ObjectHideFlags: 0
  m_PrefabParentObject: {fileID: 0}
  m_PrefabInternal: {fileID: 0}
  m_GameObject: {fileID: 332858901}
  m_Material: {fileID: 0}
  m_IsTrigger: 0
  m_Enabled: 1
  m_Radius: .5
  m_Height: 2
  m_Direction: 1
  m_Center: {x: 0, y: 0, z: 0}
--- !u!33 &332858904
MeshFilter:
  m_ObjectHideFlags: 0
  m_PrefabParentObject: {fileID: 0}
  m_PrefabInternal: {fileID: 0}
  m_GameObject: {fileID: 332858901}
  m_Mesh: {fileID: 10206, guid: 0000000000000000e000000000000000, type: 0}
--- !u!4 &332858905
Transform:
  m_ObjectHideFlags: 0
  m_PrefabParentObject: {fileID: 0}
  m_PrefabInternal: {fileID: 0}
  m_GameObject: {fileID: 332858901}
  m_LocalRotation: {x: 0, y: 0, z: 0, w: 1}
  m_LocalPosition: {x: 41.7839851, y: 1.06651783, z: -36.9476395}
  m_LocalScale: {x: 1, y: 1, z: 1}
  m_Children: []
  m_Father: {fileID: 0}
--- !u!1 &431405131
GameObject:
  m_ObjectHideFlags: 0
  m_PrefabParentObject: {fileID: 100010, guid: 1afda6a74ad20f649b1cf82534fe8e68, type: 2}
  m_PrefabInternal: {fileID: 1520665072}
  serializedVersion: 4
  m_Component:
  - 4: {fileID: 431405132}
  - 33: {fileID: 431405135}
  - 65: {fileID: 431405134}
  - 23: {fileID: 431405133}
  m_Layer: 0
  m_Name: Cube
  m_TagString: Untagged
  m_Icon: {fileID: 0}
  m_NavMeshLayer: 0
  m_StaticEditorFlags: 0
  m_IsActive: 1
--- !u!4 &431405132
Transform:
  m_ObjectHideFlags: 0
  m_PrefabParentObject: {fileID: 400010, guid: 1afda6a74ad20f649b1cf82534fe8e68, type: 2}
  m_PrefabInternal: {fileID: 1520665072}
  m_GameObject: {fileID: 431405131}
  m_LocalRotation: {x: 0, y: 0, z: 0, w: 1}
  m_LocalPosition: {x: -7.65670967, y: -4.6514492, z: -9.19040489}
  m_LocalScale: {x: .0446033701, y: 4.32601261, z: 22.9712811}
  m_Children: []
  m_Father: {fileID: 1254131190}
--- !u!23 &431405133
Renderer:
  m_ObjectHideFlags: 0
  m_PrefabParentObject: {fileID: 2300008, guid: 1afda6a74ad20f649b1cf82534fe8e68,
    type: 2}
  m_PrefabInternal: {fileID: 1520665072}
  m_GameObject: {fileID: 431405131}
  m_Enabled: 1
  m_CastShadows: 1
  m_ReceiveShadows: 1
  m_LightmapIndex: 255
  m_LightmapTilingOffset: {x: 1, y: 1, z: 0, w: 0}
  m_Materials:
  - {fileID: 10302, guid: 0000000000000000f000000000000000, type: 0}
  m_SubsetIndices: 
  m_StaticBatchRoot: {fileID: 0}
  m_UseLightProbes: 0
  m_LightProbeAnchor: {fileID: 0}
  m_ScaleInLightmap: 1
  m_SortingLayer: 0
  m_SortingOrder: 0
  m_SortingLayerID: 0
--- !u!65 &431405134
BoxCollider:
  m_ObjectHideFlags: 0
  m_PrefabParentObject: {fileID: 6500008, guid: 1afda6a74ad20f649b1cf82534fe8e68,
    type: 2}
  m_PrefabInternal: {fileID: 1520665072}
  m_GameObject: {fileID: 431405131}
  m_Material: {fileID: 0}
  m_IsTrigger: 0
  m_Enabled: 1
  serializedVersion: 2
  m_Size: {x: 1, y: 1, z: 1}
  m_Center: {x: 0, y: 0, z: 0}
--- !u!33 &431405135
MeshFilter:
  m_ObjectHideFlags: 0
  m_PrefabParentObject: {fileID: 3300008, guid: 1afda6a74ad20f649b1cf82534fe8e68,
    type: 2}
  m_PrefabInternal: {fileID: 1520665072}
  m_GameObject: {fileID: 431405131}
  m_Mesh: {fileID: 10202, guid: 0000000000000000e000000000000000, type: 0}
--- !u!1 &474480677
GameObject:
  m_ObjectHideFlags: 0
  m_PrefabParentObject: {fileID: 0}
  m_PrefabInternal: {fileID: 0}
  serializedVersion: 4
  m_Component:
  - 4: {fileID: 474480681}
  - 33: {fileID: 474480680}
  - 136: {fileID: 474480679}
  - 23: {fileID: 474480678}
  m_Layer: 0
  m_Name: Cylinder
  m_TagString: Untagged
  m_Icon: {fileID: 0}
  m_NavMeshLayer: 0
  m_StaticEditorFlags: 0
  m_IsActive: 1
--- !u!23 &474480678
Renderer:
  m_ObjectHideFlags: 0
  m_PrefabParentObject: {fileID: 0}
  m_PrefabInternal: {fileID: 0}
  m_GameObject: {fileID: 474480677}
  m_Enabled: 1
  m_CastShadows: 1
  m_ReceiveShadows: 1
  m_LightmapIndex: 255
  m_LightmapTilingOffset: {x: 1, y: 1, z: 0, w: 0}
  m_Materials:
  - {fileID: 2100000, guid: 5ed297eb4b0ccc648bd0d524d98d0bcf, type: 2}
  m_SubsetIndices: 
  m_StaticBatchRoot: {fileID: 0}
  m_UseLightProbes: 0
  m_LightProbeAnchor: {fileID: 0}
  m_ScaleInLightmap: 1
  m_SortingLayer: 0
  m_SortingOrder: 0
  m_SortingLayerID: 0
--- !u!136 &474480679
CapsuleCollider:
  m_ObjectHideFlags: 0
  m_PrefabParentObject: {fileID: 0}
  m_PrefabInternal: {fileID: 0}
  m_GameObject: {fileID: 474480677}
  m_Material: {fileID: 0}
  m_IsTrigger: 0
  m_Enabled: 1
  m_Radius: .5
  m_Height: 2
  m_Direction: 1
  m_Center: {x: 0, y: 0, z: 0}
--- !u!33 &474480680
MeshFilter:
  m_ObjectHideFlags: 0
  m_PrefabParentObject: {fileID: 0}
  m_PrefabInternal: {fileID: 0}
  m_GameObject: {fileID: 474480677}
  m_Mesh: {fileID: 10206, guid: 0000000000000000e000000000000000, type: 0}
--- !u!4 &474480681
Transform:
  m_ObjectHideFlags: 0
  m_PrefabParentObject: {fileID: 0}
  m_PrefabInternal: {fileID: 0}
  m_GameObject: {fileID: 474480677}
  m_LocalRotation: {x: 0, y: 0, z: 0, w: 1}
  m_LocalPosition: {x: 43.8496208, y: 1.06651783, z: -36.0933914}
  m_LocalScale: {x: 1, y: 1, z: 1}
  m_Children: []
  m_Father: {fileID: 0}
--- !u!1 &483277810
GameObject:
  m_ObjectHideFlags: 0
  m_PrefabParentObject: {fileID: 100010, guid: 1afda6a74ad20f649b1cf82534fe8e68, type: 2}
  m_PrefabInternal: {fileID: 331751188}
  serializedVersion: 4
  m_Component:
  - 4: {fileID: 483277811}
  - 33: {fileID: 483277814}
  - 65: {fileID: 483277813}
  - 23: {fileID: 483277812}
  m_Layer: 0
  m_Name: Cube
  m_TagString: Untagged
  m_Icon: {fileID: 0}
  m_NavMeshLayer: 0
  m_StaticEditorFlags: 0
  m_IsActive: 1
--- !u!4 &483277811
Transform:
  m_ObjectHideFlags: 0
  m_PrefabParentObject: {fileID: 400010, guid: 1afda6a74ad20f649b1cf82534fe8e68, type: 2}
  m_PrefabInternal: {fileID: 331751188}
  m_GameObject: {fileID: 483277810}
  m_LocalRotation: {x: 0, y: 0, z: 0, w: 1}
  m_LocalPosition: {x: -7.65670967, y: -4.6514492, z: -9.19040489}
  m_LocalScale: {x: .0446033701, y: 4.32601261, z: 22.9712811}
  m_Children: []
  m_Father: {fileID: 908257820}
--- !u!23 &483277812
Renderer:
  m_ObjectHideFlags: 0
  m_PrefabParentObject: {fileID: 2300008, guid: 1afda6a74ad20f649b1cf82534fe8e68,
    type: 2}
  m_PrefabInternal: {fileID: 331751188}
  m_GameObject: {fileID: 483277810}
  m_Enabled: 1
  m_CastShadows: 1
  m_ReceiveShadows: 1
  m_LightmapIndex: 255
  m_LightmapTilingOffset: {x: 1, y: 1, z: 0, w: 0}
  m_Materials:
  - {fileID: 10302, guid: 0000000000000000f000000000000000, type: 0}
  m_SubsetIndices: 
  m_StaticBatchRoot: {fileID: 0}
  m_UseLightProbes: 0
  m_LightProbeAnchor: {fileID: 0}
  m_ScaleInLightmap: 1
  m_SortingLayer: 0
  m_SortingOrder: 0
  m_SortingLayerID: 0
--- !u!65 &483277813
BoxCollider:
  m_ObjectHideFlags: 0
  m_PrefabParentObject: {fileID: 6500008, guid: 1afda6a74ad20f649b1cf82534fe8e68,
    type: 2}
  m_PrefabInternal: {fileID: 331751188}
  m_GameObject: {fileID: 483277810}
  m_Material: {fileID: 0}
  m_IsTrigger: 0
  m_Enabled: 1
  serializedVersion: 2
  m_Size: {x: 1, y: 1, z: 1}
  m_Center: {x: 0, y: 0, z: 0}
--- !u!33 &483277814
MeshFilter:
  m_ObjectHideFlags: 0
  m_PrefabParentObject: {fileID: 3300008, guid: 1afda6a74ad20f649b1cf82534fe8e68,
    type: 2}
  m_PrefabInternal: {fileID: 331751188}
  m_GameObject: {fileID: 483277810}
  m_Mesh: {fileID: 10202, guid: 0000000000000000e000000000000000, type: 0}
--- !u!1 &528611752
GameObject:
  m_ObjectHideFlags: 0
  m_PrefabParentObject: {fileID: 100008, guid: 1afda6a74ad20f649b1cf82534fe8e68, type: 2}
  m_PrefabInternal: {fileID: 1520665072}
  serializedVersion: 4
  m_Component:
  - 4: {fileID: 528611756}
  - 33: {fileID: 528611755}
  - 65: {fileID: 528611754}
  - 23: {fileID: 528611753}
  m_Layer: 0
  m_Name: Cube
  m_TagString: Untagged
  m_Icon: {fileID: 0}
  m_NavMeshLayer: 0
  m_StaticEditorFlags: 0
  m_IsActive: 1
--- !u!23 &528611753
Renderer:
  m_ObjectHideFlags: 0
  m_PrefabParentObject: {fileID: 2300006, guid: 1afda6a74ad20f649b1cf82534fe8e68,
    type: 2}
  m_PrefabInternal: {fileID: 1520665072}
  m_GameObject: {fileID: 528611752}
  m_Enabled: 1
  m_CastShadows: 1
  m_ReceiveShadows: 1
  m_LightmapIndex: 255
  m_LightmapTilingOffset: {x: 1, y: 1, z: 0, w: 0}
  m_Materials:
  - {fileID: 10302, guid: 0000000000000000f000000000000000, type: 0}
  m_SubsetIndices: 
  m_StaticBatchRoot: {fileID: 0}
  m_UseLightProbes: 0
  m_LightProbeAnchor: {fileID: 0}
  m_ScaleInLightmap: 1
  m_SortingLayer: 0
  m_SortingOrder: 0
  m_SortingLayerID: 0
--- !u!65 &528611754
BoxCollider:
  m_ObjectHideFlags: 0
  m_PrefabParentObject: {fileID: 6500006, guid: 1afda6a74ad20f649b1cf82534fe8e68,
    type: 2}
  m_PrefabInternal: {fileID: 1520665072}
  m_GameObject: {fileID: 528611752}
  m_Material: {fileID: 0}
  m_IsTrigger: 0
  m_Enabled: 1
  serializedVersion: 2
  m_Size: {x: 1, y: 1, z: 1}
  m_Center: {x: 0, y: 0, z: 0}
--- !u!33 &528611755
MeshFilter:
  m_ObjectHideFlags: 0
  m_PrefabParentObject: {fileID: 3300006, guid: 1afda6a74ad20f649b1cf82534fe8e68,
    type: 2}
  m_PrefabInternal: {fileID: 1520665072}
  m_GameObject: {fileID: 528611752}
  m_Mesh: {fileID: 10202, guid: 0000000000000000e000000000000000, type: 0}
--- !u!4 &528611756
Transform:
  m_ObjectHideFlags: 0
  m_PrefabParentObject: {fileID: 400008, guid: 1afda6a74ad20f649b1cf82534fe8e68, type: 2}
  m_PrefabInternal: {fileID: 1520665072}
  m_GameObject: {fileID: 528611752}
  m_LocalRotation: {x: 0, y: 0, z: 0, w: 1}
  m_LocalPosition: {x: 9.80004692, y: -4.6514492, z: -9.19040489}
  m_LocalScale: {x: .0446033701, y: 4.32601261, z: 22.9712811}
  m_Children: []
  m_Father: {fileID: 1254131190}
--- !u!1 &557544694
GameObject:
  m_ObjectHideFlags: 0
  m_PrefabParentObject: {fileID: 100006, guid: 1afda6a74ad20f649b1cf82534fe8e68, type: 2}
  m_PrefabInternal: {fileID: 1520665072}
  serializedVersion: 4
  m_Component:
  - 4: {fileID: 557544695}
  - 33: {fileID: 557544698}
  - 65: {fileID: 557544697}
  - 23: {fileID: 557544696}
  m_Layer: 0
  m_Name: Cube
  m_TagString: Untagged
  m_Icon: {fileID: 0}
  m_NavMeshLayer: 0
  m_StaticEditorFlags: 0
  m_IsActive: 1
--- !u!4 &557544695
Transform:
  m_ObjectHideFlags: 0
  m_PrefabParentObject: {fileID: 400006, guid: 1afda6a74ad20f649b1cf82534fe8e68, type: 2}
  m_PrefabInternal: {fileID: 1520665072}
  m_GameObject: {fileID: 557544694}
  m_LocalRotation: {x: 0, y: .707106829, z: 0, w: .707106829}
  m_LocalPosition: {x: 1.45006371, y: -4.6514492, z: 1.74925613}
  m_LocalScale: {x: .0446033701, y: 4.32601261, z: 22.9712811}
  m_Children: []
  m_Father: {fileID: 1254131190}
--- !u!23 &557544696
Renderer:
  m_ObjectHideFlags: 0
  m_PrefabParentObject: {fileID: 2300004, guid: 1afda6a74ad20f649b1cf82534fe8e68,
    type: 2}
  m_PrefabInternal: {fileID: 1520665072}
  m_GameObject: {fileID: 557544694}
  m_Enabled: 1
  m_CastShadows: 1
  m_ReceiveShadows: 1
  m_LightmapIndex: 255
  m_LightmapTilingOffset: {x: 1, y: 1, z: 0, w: 0}
  m_Materials:
  - {fileID: 10302, guid: 0000000000000000f000000000000000, type: 0}
  m_SubsetIndices: 
  m_StaticBatchRoot: {fileID: 0}
  m_UseLightProbes: 0
  m_LightProbeAnchor: {fileID: 0}
  m_ScaleInLightmap: 1
  m_SortingLayer: 0
  m_SortingOrder: 0
  m_SortingLayerID: 0
--- !u!65 &557544697
BoxCollider:
  m_ObjectHideFlags: 0
  m_PrefabParentObject: {fileID: 6500004, guid: 1afda6a74ad20f649b1cf82534fe8e68,
    type: 2}
  m_PrefabInternal: {fileID: 1520665072}
  m_GameObject: {fileID: 557544694}
  m_Material: {fileID: 0}
  m_IsTrigger: 0
  m_Enabled: 1
  serializedVersion: 2
  m_Size: {x: 1, y: 1, z: 1}
  m_Center: {x: 0, y: 0, z: 0}
--- !u!33 &557544698
MeshFilter:
  m_ObjectHideFlags: 0
  m_PrefabParentObject: {fileID: 3300004, guid: 1afda6a74ad20f649b1cf82534fe8e68,
    type: 2}
  m_PrefabInternal: {fileID: 1520665072}
  m_GameObject: {fileID: 557544694}
  m_Mesh: {fileID: 10202, guid: 0000000000000000e000000000000000, type: 0}
--- !u!1 &586033527
GameObject:
  m_ObjectHideFlags: 0
  m_PrefabParentObject: {fileID: 100010, guid: 1afda6a74ad20f649b1cf82534fe8e68, type: 2}
  m_PrefabInternal: {fileID: 1071393421}
  serializedVersion: 4
  m_Component:
  - 4: {fileID: 586033528}
  - 33: {fileID: 586033531}
  - 65: {fileID: 586033530}
  - 23: {fileID: 586033529}
  m_Layer: 0
  m_Name: Cube
  m_TagString: Untagged
  m_Icon: {fileID: 0}
  m_NavMeshLayer: 0
  m_StaticEditorFlags: 0
  m_IsActive: 1
--- !u!4 &586033528
Transform:
  m_ObjectHideFlags: 0
  m_PrefabParentObject: {fileID: 400010, guid: 1afda6a74ad20f649b1cf82534fe8e68, type: 2}
  m_PrefabInternal: {fileID: 1071393421}
  m_GameObject: {fileID: 586033527}
  m_LocalRotation: {x: 0, y: 0, z: 0, w: 1}
  m_LocalPosition: {x: -7.65670967, y: -4.6514492, z: -9.19040489}
  m_LocalScale: {x: .0446033701, y: 4.32601261, z: 22.9712811}
  m_Children: []
  m_Father: {fileID: 885404114}
--- !u!23 &586033529
Renderer:
  m_ObjectHideFlags: 0
  m_PrefabParentObject: {fileID: 2300008, guid: 1afda6a74ad20f649b1cf82534fe8e68,
    type: 2}
  m_PrefabInternal: {fileID: 1071393421}
  m_GameObject: {fileID: 586033527}
  m_Enabled: 1
  m_CastShadows: 1
  m_ReceiveShadows: 1
  m_LightmapIndex: 255
  m_LightmapTilingOffset: {x: 1, y: 1, z: 0, w: 0}
  m_Materials:
  - {fileID: 10302, guid: 0000000000000000f000000000000000, type: 0}
  m_SubsetIndices: 
  m_StaticBatchRoot: {fileID: 0}
  m_UseLightProbes: 0
  m_LightProbeAnchor: {fileID: 0}
  m_ScaleInLightmap: 1
  m_SortingLayer: 0
  m_SortingOrder: 0
  m_SortingLayerID: 0
--- !u!65 &586033530
BoxCollider:
  m_ObjectHideFlags: 0
  m_PrefabParentObject: {fileID: 6500008, guid: 1afda6a74ad20f649b1cf82534fe8e68,
    type: 2}
  m_PrefabInternal: {fileID: 1071393421}
  m_GameObject: {fileID: 586033527}
  m_Material: {fileID: 0}
  m_IsTrigger: 0
  m_Enabled: 1
  serializedVersion: 2
  m_Size: {x: 1, y: 1, z: 1}
  m_Center: {x: 0, y: 0, z: 0}
--- !u!33 &586033531
MeshFilter:
  m_ObjectHideFlags: 0
  m_PrefabParentObject: {fileID: 3300008, guid: 1afda6a74ad20f649b1cf82534fe8e68,
    type: 2}
  m_PrefabInternal: {fileID: 1071393421}
  m_GameObject: {fileID: 586033527}
  m_Mesh: {fileID: 10202, guid: 0000000000000000e000000000000000, type: 0}
--- !u!1 &816237523
GameObject:
  m_ObjectHideFlags: 0
  m_PrefabParentObject: {fileID: 100006, guid: 1afda6a74ad20f649b1cf82534fe8e68, type: 2}
  m_PrefabInternal: {fileID: 1071393421}
  serializedVersion: 4
  m_Component:
  - 4: {fileID: 816237524}
  - 33: {fileID: 816237527}
  - 65: {fileID: 816237526}
  - 23: {fileID: 816237525}
  m_Layer: 0
  m_Name: Cube
  m_TagString: Untagged
  m_Icon: {fileID: 0}
  m_NavMeshLayer: 0
  m_StaticEditorFlags: 0
  m_IsActive: 1
--- !u!4 &816237524
Transform:
  m_ObjectHideFlags: 0
  m_PrefabParentObject: {fileID: 400006, guid: 1afda6a74ad20f649b1cf82534fe8e68, type: 2}
  m_PrefabInternal: {fileID: 1071393421}
  m_GameObject: {fileID: 816237523}
  m_LocalRotation: {x: 0, y: .707106829, z: 0, w: .707106829}
  m_LocalPosition: {x: 1.45006371, y: -4.6514492, z: 1.74925613}
  m_LocalScale: {x: .0446033701, y: 4.32601261, z: 22.9712811}
  m_Children: []
  m_Father: {fileID: 885404114}
--- !u!23 &816237525
Renderer:
  m_ObjectHideFlags: 0
  m_PrefabParentObject: {fileID: 2300004, guid: 1afda6a74ad20f649b1cf82534fe8e68,
    type: 2}
  m_PrefabInternal: {fileID: 1071393421}
  m_GameObject: {fileID: 816237523}
  m_Enabled: 1
  m_CastShadows: 1
  m_ReceiveShadows: 1
  m_LightmapIndex: 255
  m_LightmapTilingOffset: {x: 1, y: 1, z: 0, w: 0}
  m_Materials:
  - {fileID: 10302, guid: 0000000000000000f000000000000000, type: 0}
  m_SubsetIndices: 
  m_StaticBatchRoot: {fileID: 0}
  m_UseLightProbes: 0
  m_LightProbeAnchor: {fileID: 0}
  m_ScaleInLightmap: 1
  m_SortingLayer: 0
  m_SortingOrder: 0
  m_SortingLayerID: 0
--- !u!65 &816237526
BoxCollider:
  m_ObjectHideFlags: 0
  m_PrefabParentObject: {fileID: 6500004, guid: 1afda6a74ad20f649b1cf82534fe8e68,
    type: 2}
  m_PrefabInternal: {fileID: 1071393421}
  m_GameObject: {fileID: 816237523}
  m_Material: {fileID: 0}
  m_IsTrigger: 0
  m_Enabled: 1
  serializedVersion: 2
  m_Size: {x: 1, y: 1, z: 1}
  m_Center: {x: 0, y: 0, z: 0}
--- !u!33 &816237527
MeshFilter:
  m_ObjectHideFlags: 0
  m_PrefabParentObject: {fileID: 3300004, guid: 1afda6a74ad20f649b1cf82534fe8e68,
    type: 2}
  m_PrefabInternal: {fileID: 1071393421}
  m_GameObject: {fileID: 816237523}
  m_Mesh: {fileID: 10202, guid: 0000000000000000e000000000000000, type: 0}
--- !u!1 &827006841
GameObject:
  m_ObjectHideFlags: 0
  m_PrefabParentObject: {fileID: 100006, guid: 1afda6a74ad20f649b1cf82534fe8e68, type: 2}
  m_PrefabInternal: {fileID: 331751188}
  serializedVersion: 4
  m_Component:
  - 4: {fileID: 827006842}
  - 33: {fileID: 827006845}
  - 65: {fileID: 827006844}
  - 23: {fileID: 827006843}
  m_Layer: 0
  m_Name: Cube
  m_TagString: Untagged
  m_Icon: {fileID: 0}
  m_NavMeshLayer: 0
  m_StaticEditorFlags: 0
  m_IsActive: 1
--- !u!4 &827006842
Transform:
  m_ObjectHideFlags: 0
  m_PrefabParentObject: {fileID: 400006, guid: 1afda6a74ad20f649b1cf82534fe8e68, type: 2}
  m_PrefabInternal: {fileID: 331751188}
  m_GameObject: {fileID: 827006841}
  m_LocalRotation: {x: 0, y: .707106829, z: 0, w: .707106829}
  m_LocalPosition: {x: 1.45006371, y: -4.6514492, z: 1.74925613}
  m_LocalScale: {x: .0446033701, y: 4.32601261, z: 22.9712811}
  m_Children: []
  m_Father: {fileID: 908257820}
--- !u!23 &827006843
Renderer:
  m_ObjectHideFlags: 0
  m_PrefabParentObject: {fileID: 2300004, guid: 1afda6a74ad20f649b1cf82534fe8e68,
    type: 2}
  m_PrefabInternal: {fileID: 331751188}
  m_GameObject: {fileID: 827006841}
  m_Enabled: 1
  m_CastShadows: 1
  m_ReceiveShadows: 1
  m_LightmapIndex: 255
  m_LightmapTilingOffset: {x: 1, y: 1, z: 0, w: 0}
  m_Materials:
  - {fileID: 10302, guid: 0000000000000000f000000000000000, type: 0}
  m_SubsetIndices: 
  m_StaticBatchRoot: {fileID: 0}
  m_UseLightProbes: 0
  m_LightProbeAnchor: {fileID: 0}
  m_ScaleInLightmap: 1
  m_SortingLayer: 0
  m_SortingOrder: 0
  m_SortingLayerID: 0
--- !u!65 &827006844
BoxCollider:
  m_ObjectHideFlags: 0
  m_PrefabParentObject: {fileID: 6500004, guid: 1afda6a74ad20f649b1cf82534fe8e68,
    type: 2}
  m_PrefabInternal: {fileID: 331751188}
  m_GameObject: {fileID: 827006841}
  m_Material: {fileID: 0}
  m_IsTrigger: 0
  m_Enabled: 1
  serializedVersion: 2
  m_Size: {x: 1, y: 1, z: 1}
  m_Center: {x: 0, y: 0, z: 0}
--- !u!33 &827006845
MeshFilter:
  m_ObjectHideFlags: 0
  m_PrefabParentObject: {fileID: 3300004, guid: 1afda6a74ad20f649b1cf82534fe8e68,
    type: 2}
  m_PrefabInternal: {fileID: 331751188}
  m_GameObject: {fileID: 827006841}
  m_Mesh: {fileID: 10202, guid: 0000000000000000e000000000000000, type: 0}
--- !u!1 &837261275
GameObject:
  m_ObjectHideFlags: 0
  m_PrefabParentObject: {fileID: 100008, guid: 1afda6a74ad20f649b1cf82534fe8e68, type: 2}
  m_PrefabInternal: {fileID: 1071393421}
  serializedVersion: 4
  m_Component:
  - 4: {fileID: 837261276}
  - 33: {fileID: 837261279}
  - 65: {fileID: 837261278}
  - 23: {fileID: 837261277}
  m_Layer: 0
  m_Name: Cube
  m_TagString: Untagged
  m_Icon: {fileID: 0}
  m_NavMeshLayer: 0
  m_StaticEditorFlags: 0
  m_IsActive: 1
--- !u!4 &837261276
Transform:
  m_ObjectHideFlags: 0
  m_PrefabParentObject: {fileID: 400008, guid: 1afda6a74ad20f649b1cf82534fe8e68, type: 2}
  m_PrefabInternal: {fileID: 1071393421}
  m_GameObject: {fileID: 837261275}
  m_LocalRotation: {x: 0, y: 0, z: 0, w: 1}
  m_LocalPosition: {x: 9.80004692, y: -4.6514492, z: -9.19040489}
  m_LocalScale: {x: .0446033701, y: 4.32601261, z: 22.9712811}
  m_Children: []
  m_Father: {fileID: 885404114}
--- !u!23 &837261277
Renderer:
  m_ObjectHideFlags: 0
  m_PrefabParentObject: {fileID: 2300006, guid: 1afda6a74ad20f649b1cf82534fe8e68,
    type: 2}
  m_PrefabInternal: {fileID: 1071393421}
  m_GameObject: {fileID: 837261275}
  m_Enabled: 1
  m_CastShadows: 1
  m_ReceiveShadows: 1
  m_LightmapIndex: 255
  m_LightmapTilingOffset: {x: 1, y: 1, z: 0, w: 0}
  m_Materials:
  - {fileID: 10302, guid: 0000000000000000f000000000000000, type: 0}
  m_SubsetIndices: 
  m_StaticBatchRoot: {fileID: 0}
  m_UseLightProbes: 0
  m_LightProbeAnchor: {fileID: 0}
  m_ScaleInLightmap: 1
  m_SortingLayer: 0
  m_SortingOrder: 0
  m_SortingLayerID: 0
--- !u!65 &837261278
BoxCollider:
  m_ObjectHideFlags: 0
  m_PrefabParentObject: {fileID: 6500006, guid: 1afda6a74ad20f649b1cf82534fe8e68,
    type: 2}
  m_PrefabInternal: {fileID: 1071393421}
  m_GameObject: {fileID: 837261275}
  m_Material: {fileID: 0}
  m_IsTrigger: 0
  m_Enabled: 1
  serializedVersion: 2
  m_Size: {x: 1, y: 1, z: 1}
  m_Center: {x: 0, y: 0, z: 0}
--- !u!33 &837261279
MeshFilter:
  m_ObjectHideFlags: 0
  m_PrefabParentObject: {fileID: 3300006, guid: 1afda6a74ad20f649b1cf82534fe8e68,
    type: 2}
  m_PrefabInternal: {fileID: 1071393421}
  m_GameObject: {fileID: 837261275}
  m_Mesh: {fileID: 10202, guid: 0000000000000000e000000000000000, type: 0}
--- !u!1 &850959366
GameObject:
  m_ObjectHideFlags: 0
  m_PrefabParentObject: {fileID: 100002, guid: 1afda6a74ad20f649b1cf82534fe8e68, type: 2}
  m_PrefabInternal: {fileID: 1520665072}
  serializedVersion: 4
  m_Component:
  - 4: {fileID: 850959367}
  - 33: {fileID: 850959370}
  - 65: {fileID: 850959369}
  - 23: {fileID: 850959368}
  m_Layer: 0
  m_Name: Cube
  m_TagString: Untagged
  m_Icon: {fileID: 0}
  m_NavMeshLayer: 0
  m_StaticEditorFlags: 0
  m_IsActive: 1
--- !u!4 &850959367
Transform:
  m_ObjectHideFlags: 0
  m_PrefabParentObject: {fileID: 400002, guid: 1afda6a74ad20f649b1cf82534fe8e68, type: 2}
  m_PrefabInternal: {fileID: 1520665072}
  m_GameObject: {fileID: 850959366}
  m_LocalRotation: {x: 0, y: 0, z: 0, w: 1}
  m_LocalPosition: {x: 1.11370063, y: -6.69052124, z: -9.19040489}
  m_LocalScale: {x: 18.8980904, y: .1079854, z: 22.1185532}
  m_Children: []
  m_Father: {fileID: 1254131190}
--- !u!23 &850959368
Renderer:
  m_ObjectHideFlags: 0
  m_PrefabParentObject: {fileID: 2300000, guid: 1afda6a74ad20f649b1cf82534fe8e68,
    type: 2}
  m_PrefabInternal: {fileID: 1520665072}
  m_GameObject: {fileID: 850959366}
  m_Enabled: 1
  m_CastShadows: 1
  m_ReceiveShadows: 1
  m_LightmapIndex: 255
  m_LightmapTilingOffset: {x: 1, y: 1, z: 0, w: 0}
  m_Materials:
  - {fileID: 2100000, guid: 9055decff8e4893469cda4d118d0ce7c, type: 2}
  m_SubsetIndices: 
  m_StaticBatchRoot: {fileID: 0}
  m_UseLightProbes: 0
  m_LightProbeAnchor: {fileID: 0}
  m_ScaleInLightmap: 1
  m_SortingLayer: 0
  m_SortingOrder: 0
  m_SortingLayerID: 0
--- !u!65 &850959369
BoxCollider:
  m_ObjectHideFlags: 0
  m_PrefabParentObject: {fileID: 6500000, guid: 1afda6a74ad20f649b1cf82534fe8e68,
    type: 2}
  m_PrefabInternal: {fileID: 1520665072}
  m_GameObject: {fileID: 850959366}
  m_Material: {fileID: 0}
  m_IsTrigger: 0
  m_Enabled: 1
  serializedVersion: 2
  m_Size: {x: 1, y: 1, z: 1}
  m_Center: {x: 0, y: 0, z: 0}
--- !u!33 &850959370
MeshFilter:
  m_ObjectHideFlags: 0
  m_PrefabParentObject: {fileID: 3300000, guid: 1afda6a74ad20f649b1cf82534fe8e68,
    type: 2}
  m_PrefabInternal: {fileID: 1520665072}
  m_GameObject: {fileID: 850959366}
  m_Mesh: {fileID: 10202, guid: 0000000000000000e000000000000000, type: 0}
--- !u!1 &885404113
GameObject:
  m_ObjectHideFlags: 0
  m_PrefabParentObject: {fileID: 100000, guid: 1afda6a74ad20f649b1cf82534fe8e68, type: 2}
  m_PrefabInternal: {fileID: 1071393421}
  serializedVersion: 4
  m_Component:
  - 4: {fileID: 885404114}
  m_Layer: 0
  m_Name: Room
  m_TagString: Untagged
  m_Icon: {fileID: 0}
  m_NavMeshLayer: 0
  m_StaticEditorFlags: 0
  m_IsActive: 1
--- !u!4 &885404114
Transform:
  m_ObjectHideFlags: 0
  m_PrefabParentObject: {fileID: 400000, guid: 1afda6a74ad20f649b1cf82534fe8e68, type: 2}
  m_PrefabInternal: {fileID: 1071393421}
  m_GameObject: {fileID: 885404113}
  m_LocalRotation: {x: 0, y: 0, z: 0, w: 1}
  m_LocalPosition: {x: 40.8331833, y: 6.69052124, z: 9.19040489}
  m_LocalScale: {x: 1.56564713, y: 1, z: 1.28269958}
  m_Children:
  - {fileID: 1500202922}
  - {fileID: 816237524}
  - {fileID: 586033528}
  - {fileID: 1687587326}
  - {fileID: 837261276}
  m_Father: {fileID: 0}
--- !u!1 &908257819
GameObject:
  m_ObjectHideFlags: 0
  m_PrefabParentObject: {fileID: 100000, guid: 1afda6a74ad20f649b1cf82534fe8e68, type: 2}
  m_PrefabInternal: {fileID: 331751188}
  serializedVersion: 4
  m_Component:
  - 4: {fileID: 908257820}
  m_Layer: 0
  m_Name: Room
  m_TagString: Untagged
  m_Icon: {fileID: 0}
  m_NavMeshLayer: 0
  m_StaticEditorFlags: 0
  m_IsActive: 1
--- !u!4 &908257820
Transform:
  m_ObjectHideFlags: 0
  m_PrefabParentObject: {fileID: 400000, guid: 1afda6a74ad20f649b1cf82534fe8e68, type: 2}
  m_PrefabInternal: {fileID: 331751188}
  m_GameObject: {fileID: 908257819}
  m_LocalRotation: {x: 0, y: 0, z: 0, w: 1}
  m_LocalPosition: {x: 28.1368771, y: 6.69052124, z: -36.7724953}
  m_LocalScale: {x: 1.7452029, y: 1, z: 1.84843159}
  m_Children:
  - {fileID: 2036990910}
  - {fileID: 827006842}
  - {fileID: 483277811}
  - {fileID: 1564980938}
  - {fileID: 1984378891}
  m_Father: {fileID: 0}
--- !u!1 &931420695
GameObject:
  m_ObjectHideFlags: 0
  m_PrefabParentObject: {fileID: 0}
  m_PrefabInternal: {fileID: 0}
  serializedVersion: 4
  m_Component:
  - 4: {fileID: 931420699}
  - 33: {fileID: 931420698}
  - 65: {fileID: 931420697}
  - 23: {fileID: 931420696}
  m_Layer: 0
  m_Name: Cube
  m_TagString: Untagged
  m_Icon: {fileID: 0}
  m_NavMeshLayer: 0
  m_StaticEditorFlags: 0
  m_IsActive: 1
--- !u!23 &931420696
Renderer:
  m_ObjectHideFlags: 0
  m_PrefabParentObject: {fileID: 0}
  m_PrefabInternal: {fileID: 0}
  m_GameObject: {fileID: 931420695}
  m_Enabled: 1
  m_CastShadows: 1
  m_ReceiveShadows: 1
  m_LightmapIndex: 255
  m_LightmapTilingOffset: {x: 1, y: 1, z: 0, w: 0}
  m_Materials:
  - {fileID: 2100000, guid: 519553d933f80dd44a7a1d5fa8678c17, type: 2}
  m_SubsetIndices: 
  m_StaticBatchRoot: {fileID: 0}
  m_UseLightProbes: 0
  m_LightProbeAnchor: {fileID: 0}
  m_ScaleInLightmap: 1
  m_SortingLayer: 0
  m_SortingOrder: 0
  m_SortingLayerID: 0
--- !u!65 &931420697
BoxCollider:
  m_ObjectHideFlags: 0
  m_PrefabParentObject: {fileID: 0}
  m_PrefabInternal: {fileID: 0}
  m_GameObject: {fileID: 931420695}
  m_Material: {fileID: 0}
  m_IsTrigger: 0
  m_Enabled: 1
  serializedVersion: 2
  m_Size: {x: 1, y: 1, z: 1}
  m_Center: {x: 0, y: 0, z: 0}
--- !u!33 &931420698
MeshFilter:
  m_ObjectHideFlags: 0
  m_PrefabParentObject: {fileID: 0}
  m_PrefabInternal: {fileID: 0}
  m_GameObject: {fileID: 931420695}
  m_Mesh: {fileID: 10202, guid: 0000000000000000e000000000000000, type: 0}
--- !u!4 &931420699
Transform:
  m_ObjectHideFlags: 0
  m_PrefabParentObject: {fileID: 0}
  m_PrefabInternal: {fileID: 0}
  m_GameObject: {fileID: 931420695}
  m_LocalRotation: {x: 0, y: 0, z: 0, w: 1}
  m_LocalPosition: {x: 29.1150246, y: 2.32769537, z: -3.70910263}
  m_LocalScale: {x: .272518873, y: 1.77410698, z: 1.85764062}
  m_Children: []
  m_Father: {fileID: 0}
--- !u!1 &1058272352
GameObject:
  m_ObjectHideFlags: 0
  m_PrefabParentObject: {fileID: 0}
  m_PrefabInternal: {fileID: 0}
  serializedVersion: 4
  m_Component:
  - 4: {fileID: 1058272356}
  - 33: {fileID: 1058272355}
  - 65: {fileID: 1058272354}
  - 23: {fileID: 1058272353}
  m_Layer: 0
  m_Name: Cube
  m_TagString: Untagged
  m_Icon: {fileID: 0}
  m_NavMeshLayer: 0
  m_StaticEditorFlags: 0
  m_IsActive: 1
--- !u!23 &1058272353
Renderer:
  m_ObjectHideFlags: 0
  m_PrefabParentObject: {fileID: 0}
  m_PrefabInternal: {fileID: 0}
  m_GameObject: {fileID: 1058272352}
  m_Enabled: 1
  m_CastShadows: 1
  m_ReceiveShadows: 1
  m_LightmapIndex: 255
  m_LightmapTilingOffset: {x: 1, y: 1, z: 0, w: 0}
  m_Materials:
  - {fileID: 2100000, guid: 48640a57a4913f64ca80d8089df69b1a, type: 2}
  m_SubsetIndices: 
  m_StaticBatchRoot: {fileID: 0}
  m_UseLightProbes: 0
  m_LightProbeAnchor: {fileID: 0}
  m_ScaleInLightmap: 1
  m_SortingLayer: 0
  m_SortingOrder: 0
  m_SortingLayerID: 0
--- !u!65 &1058272354
BoxCollider:
  m_ObjectHideFlags: 0
  m_PrefabParentObject: {fileID: 0}
  m_PrefabInternal: {fileID: 0}
  m_GameObject: {fileID: 1058272352}
  m_Material: {fileID: 0}
  m_IsTrigger: 0
  m_Enabled: 1
  serializedVersion: 2
  m_Size: {x: 1, y: 1, z: 1}
  m_Center: {x: 0, y: 0, z: 0}
--- !u!33 &1058272355
MeshFilter:
  m_ObjectHideFlags: 0
  m_PrefabParentObject: {fileID: 0}
  m_PrefabInternal: {fileID: 0}
  m_GameObject: {fileID: 1058272352}
  m_Mesh: {fileID: 10202, guid: 0000000000000000e000000000000000, type: 0}
--- !u!4 &1058272356
Transform:
  m_ObjectHideFlags: 0
  m_PrefabParentObject: {fileID: 0}
  m_PrefabInternal: {fileID: 0}
  m_GameObject: {fileID: 1058272352}
  m_LocalRotation: {x: 0, y: .702570498, z: 0, w: .711614192}
  m_LocalPosition: {x: -.429677516, y: 2.32769537, z: -16.2111301}
  m_LocalScale: {x: .272518873, y: 3.26274419, z: 3.38052678}
  m_Children: []
  m_Father: {fileID: 0}
--- !u!1 &1070837155
GameObject:
  m_ObjectHideFlags: 0
  m_PrefabParentObject: {fileID: 0}
  m_PrefabInternal: {fileID: 0}
  serializedVersion: 4
  m_Component:
  - 4: {fileID: 1070837159}
  - 33: {fileID: 1070837158}
  - 136: {fileID: 1070837157}
  - 23: {fileID: 1070837156}
  m_Layer: 0
  m_Name: Cylinder
  m_TagString: Untagged
  m_Icon: {fileID: 0}
  m_NavMeshLayer: 0
  m_StaticEditorFlags: 0
  m_IsActive: 1
--- !u!23 &1070837156
Renderer:
  m_ObjectHideFlags: 0
  m_PrefabParentObject: {fileID: 0}
  m_PrefabInternal: {fileID: 0}
  m_GameObject: {fileID: 1070837155}
  m_Enabled: 1
  m_CastShadows: 1
  m_ReceiveShadows: 1
  m_LightmapIndex: 255
  m_LightmapTilingOffset: {x: 1, y: 1, z: 0, w: 0}
  m_Materials:
  - {fileID: 2100000, guid: 5ed297eb4b0ccc648bd0d524d98d0bcf, type: 2}
  m_SubsetIndices: 
  m_StaticBatchRoot: {fileID: 0}
  m_UseLightProbes: 0
  m_LightProbeAnchor: {fileID: 0}
  m_ScaleInLightmap: 1
  m_SortingLayer: 0
  m_SortingOrder: 0
  m_SortingLayerID: 0
--- !u!136 &1070837157
CapsuleCollider:
  m_ObjectHideFlags: 0
  m_PrefabParentObject: {fileID: 0}
  m_PrefabInternal: {fileID: 0}
  m_GameObject: {fileID: 1070837155}
  m_Material: {fileID: 0}
  m_IsTrigger: 0
  m_Enabled: 1
  m_Radius: .5
  m_Height: 2
  m_Direction: 1
  m_Center: {x: 0, y: 0, z: 0}
--- !u!33 &1070837158
MeshFilter:
  m_ObjectHideFlags: 0
  m_PrefabParentObject: {fileID: 0}
  m_PrefabInternal: {fileID: 0}
  m_GameObject: {fileID: 1070837155}
  m_Mesh: {fileID: 10206, guid: 0000000000000000e000000000000000, type: 0}
--- !u!4 &1070837159
Transform:
  m_ObjectHideFlags: 0
  m_PrefabParentObject: {fileID: 0}
  m_PrefabInternal: {fileID: 0}
  m_GameObject: {fileID: 1070837155}
  m_LocalRotation: {x: 0, y: 0, z: 0, w: 1}
  m_LocalPosition: {x: 41.0361366, y: 1.06651783, z: -36.2367744}
  m_LocalScale: {x: 1, y: 1, z: 1}
  m_Children: []
  m_Father: {fileID: 0}
--- !u!1001 &1071393421
Prefab:
  m_ObjectHideFlags: 0
  serializedVersion: 2
  m_Modification:
    m_TransformParent: {fileID: 0}
    m_Modifications:
    - target: {fileID: 400000, guid: 1afda6a74ad20f649b1cf82534fe8e68, type: 2}
      propertyPath: m_LocalPosition.x
      value: 40.8331833
      objectReference: {fileID: 0}
    - target: {fileID: 400000, guid: 1afda6a74ad20f649b1cf82534fe8e68, type: 2}
      propertyPath: m_LocalPosition.y
      value: 6.69052124
      objectReference: {fileID: 0}
    - target: {fileID: 400000, guid: 1afda6a74ad20f649b1cf82534fe8e68, type: 2}
      propertyPath: m_LocalPosition.z
      value: 9.19040489
      objectReference: {fileID: 0}
    - target: {fileID: 400000, guid: 1afda6a74ad20f649b1cf82534fe8e68, type: 2}
      propertyPath: m_LocalRotation.x
      value: 0
      objectReference: {fileID: 0}
    - target: {fileID: 400000, guid: 1afda6a74ad20f649b1cf82534fe8e68, type: 2}
      propertyPath: m_LocalRotation.y
      value: 0
      objectReference: {fileID: 0}
    - target: {fileID: 400000, guid: 1afda6a74ad20f649b1cf82534fe8e68, type: 2}
      propertyPath: m_LocalRotation.z
      value: 0
      objectReference: {fileID: 0}
    - target: {fileID: 400000, guid: 1afda6a74ad20f649b1cf82534fe8e68, type: 2}
      propertyPath: m_LocalRotation.w
      value: 1
      objectReference: {fileID: 0}
    - target: {fileID: 2300000, guid: 1afda6a74ad20f649b1cf82534fe8e68, type: 2}
      propertyPath: m_Materials.Array.data[0]
      value: 
      objectReference: {fileID: 2100000, guid: ff125557951189440b652aafb2406e3a, type: 2}
    - target: {fileID: 400000, guid: 1afda6a74ad20f649b1cf82534fe8e68, type: 2}
      propertyPath: m_LocalScale.x
      value: 1.56564713
      objectReference: {fileID: 0}
    - target: {fileID: 400000, guid: 1afda6a74ad20f649b1cf82534fe8e68, type: 2}
      propertyPath: m_LocalScale.z
      value: 1.28269958
      objectReference: {fileID: 0}
    m_RemovedComponents: []
  m_ParentPrefab: {fileID: 100100000, guid: 1afda6a74ad20f649b1cf82534fe8e68, type: 2}
  m_RootGameObject: {fileID: 885404113}
  m_IsPrefabParent: 0
  m_IsExploded: 1
--- !u!1 &1098367720
GameObject:
  m_ObjectHideFlags: 0
  m_PrefabParentObject: {fileID: 0}
  m_PrefabInternal: {fileID: 0}
  serializedVersion: 4
  m_Component:
  - 4: {fileID: 1098367724}
  - 33: {fileID: 1098367723}
  - 65: {fileID: 1098367722}
  - 23: {fileID: 1098367721}
  m_Layer: 0
  m_Name: Cube
  m_TagString: Untagged
  m_Icon: {fileID: 0}
  m_NavMeshLayer: 0
  m_StaticEditorFlags: 0
  m_IsActive: 1
--- !u!23 &1098367721
Renderer:
  m_ObjectHideFlags: 0
  m_PrefabParentObject: {fileID: 0}
  m_PrefabInternal: {fileID: 0}
  m_GameObject: {fileID: 1098367720}
  m_Enabled: 1
  m_CastShadows: 1
  m_ReceiveShadows: 1
  m_LightmapIndex: 255
  m_LightmapTilingOffset: {x: 1, y: 1, z: 0, w: 0}
  m_Materials:
  - {fileID: 2100000, guid: 35f7f883857c2c144932fb35413b44ab, type: 2}
  m_SubsetIndices: 
  m_StaticBatchRoot: {fileID: 0}
  m_UseLightProbes: 0
  m_LightProbeAnchor: {fileID: 0}
  m_ScaleInLightmap: 1
  m_SortingLayer: 0
  m_SortingOrder: 0
  m_SortingLayerID: 0
--- !u!65 &1098367722
BoxCollider:
  m_ObjectHideFlags: 0
  m_PrefabParentObject: {fileID: 0}
  m_PrefabInternal: {fileID: 0}
  m_GameObject: {fileID: 1098367720}
  m_Material: {fileID: 0}
  m_IsTrigger: 0
  m_Enabled: 1
  serializedVersion: 2
  m_Size: {x: 1, y: 1, z: 1}
  m_Center: {x: 0, y: 0, z: 0}
--- !u!33 &1098367723
MeshFilter:
  m_ObjectHideFlags: 0
  m_PrefabParentObject: {fileID: 0}
  m_PrefabInternal: {fileID: 0}
  m_GameObject: {fileID: 1098367720}
  m_Mesh: {fileID: 10202, guid: 0000000000000000e000000000000000, type: 0}
--- !u!4 &1098367724
Transform:
  m_ObjectHideFlags: 0
  m_PrefabParentObject: {fileID: 0}
  m_PrefabInternal: {fileID: 0}
  m_GameObject: {fileID: 1098367720}
  m_LocalRotation: {x: 0, y: 0, z: 0, w: 1}
  m_LocalPosition: {x: 15.1055069, y: 2.32769537, z: -53.005146}
  m_LocalScale: {x: .272518873, y: 1.77410698, z: 1.85764062}
  m_Children: []
  m_Father: {fileID: 0}
--- !u!1 &1254131189
GameObject:
  m_ObjectHideFlags: 0
  m_PrefabParentObject: {fileID: 100000, guid: 1afda6a74ad20f649b1cf82534fe8e68, type: 2}
  m_PrefabInternal: {fileID: 1520665072}
  serializedVersion: 4
  m_Component:
  - 4: {fileID: 1254131190}
  m_Layer: 0
  m_Name: Room
  m_TagString: Untagged
  m_Icon: {fileID: 0}
  m_NavMeshLayer: 0
  m_StaticEditorFlags: 0
  m_IsActive: 1
--- !u!4 &1254131190
Transform:
  m_ObjectHideFlags: 0
  m_PrefabParentObject: {fileID: 400000, guid: 1afda6a74ad20f649b1cf82534fe8e68, type: 2}
  m_PrefabInternal: {fileID: 1520665072}
  m_GameObject: {fileID: 1254131189}
  m_LocalRotation: {x: 0, y: 0, z: 0, w: 1}
  m_LocalPosition: {x: -1.11370063, y: 6.69052124, z: 9.19040489}
  m_LocalScale: {x: 1.53106308, y: 1, z: 1.28209841}
  m_Children:
  - {fileID: 165862440}
  - {fileID: 557544695}
  - {fileID: 431405132}
  - {fileID: 850959367}
  - {fileID: 528611756}
  m_Father: {fileID: 0}
--- !u!1 &1500202921
GameObject:
  m_ObjectHideFlags: 0
  m_PrefabParentObject: {fileID: 100004, guid: 1afda6a74ad20f649b1cf82534fe8e68, type: 2}
  m_PrefabInternal: {fileID: 1071393421}
  serializedVersion: 4
  m_Component:
  - 4: {fileID: 1500202922}
  - 33: {fileID: 1500202925}
  - 65: {fileID: 1500202924}
  - 23: {fileID: 1500202923}
  m_Layer: 0
  m_Name: Cube
  m_TagString: Untagged
  m_Icon: {fileID: 0}
  m_NavMeshLayer: 0
  m_StaticEditorFlags: 0
  m_IsActive: 1
--- !u!4 &1500202922
Transform:
  m_ObjectHideFlags: 0
  m_PrefabParentObject: {fileID: 400004, guid: 1afda6a74ad20f649b1cf82534fe8e68, type: 2}
  m_PrefabInternal: {fileID: 1071393421}
  m_GameObject: {fileID: 1500202921}
  m_LocalRotation: {x: 0, y: .707106829, z: 0, w: .707106829}
  m_LocalPosition: {x: 1.45006132, y: -4.6514492, z: -19.8637753}
  m_LocalScale: {x: .0446033701, y: 4.32601261, z: 22.9712811}
  m_Children: []
  m_Father: {fileID: 885404114}
--- !u!23 &1500202923
Renderer:
  m_ObjectHideFlags: 0
  m_PrefabParentObject: {fileID: 2300002, guid: 1afda6a74ad20f649b1cf82534fe8e68,
    type: 2}
  m_PrefabInternal: {fileID: 1071393421}
  m_GameObject: {fileID: 1500202921}
  m_Enabled: 1
  m_CastShadows: 1
  m_ReceiveShadows: 1
  m_LightmapIndex: 255
  m_LightmapTilingOffset: {x: 1, y: 1, z: 0, w: 0}
  m_Materials:
  - {fileID: 10302, guid: 0000000000000000f000000000000000, type: 0}
  m_SubsetIndices: 
  m_StaticBatchRoot: {fileID: 0}
  m_UseLightProbes: 0
  m_LightProbeAnchor: {fileID: 0}
  m_ScaleInLightmap: 1
  m_SortingLayer: 0
  m_SortingOrder: 0
  m_SortingLayerID: 0
--- !u!65 &1500202924
BoxCollider:
  m_ObjectHideFlags: 0
  m_PrefabParentObject: {fileID: 6500002, guid: 1afda6a74ad20f649b1cf82534fe8e68,
    type: 2}
  m_PrefabInternal: {fileID: 1071393421}
  m_GameObject: {fileID: 1500202921}
  m_Material: {fileID: 0}
  m_IsTrigger: 0
  m_Enabled: 1
  serializedVersion: 2
  m_Size: {x: 1, y: 1, z: 1}
  m_Center: {x: 0, y: 0, z: 0}
--- !u!33 &1500202925
MeshFilter:
  m_ObjectHideFlags: 0
  m_PrefabParentObject: {fileID: 3300002, guid: 1afda6a74ad20f649b1cf82534fe8e68,
    type: 2}
  m_PrefabInternal: {fileID: 1071393421}
  m_GameObject: {fileID: 1500202921}
  m_Mesh: {fileID: 10202, guid: 0000000000000000e000000000000000, type: 0}
--- !u!1001 &1520665072
Prefab:
  m_ObjectHideFlags: 0
  serializedVersion: 2
  m_Modification:
    m_TransformParent: {fileID: 0}
    m_Modifications:
    - target: {fileID: 400000, guid: 1afda6a74ad20f649b1cf82534fe8e68, type: 2}
      propertyPath: m_LocalPosition.x
      value: -1.11370063
      objectReference: {fileID: 0}
    - target: {fileID: 400000, guid: 1afda6a74ad20f649b1cf82534fe8e68, type: 2}
      propertyPath: m_LocalPosition.y
      value: 6.69052124
      objectReference: {fileID: 0}
    - target: {fileID: 400000, guid: 1afda6a74ad20f649b1cf82534fe8e68, type: 2}
      propertyPath: m_LocalPosition.z
      value: 9.19040489
      objectReference: {fileID: 0}
    - target: {fileID: 400000, guid: 1afda6a74ad20f649b1cf82534fe8e68, type: 2}
      propertyPath: m_LocalRotation.x
      value: 0
      objectReference: {fileID: 0}
    - target: {fileID: 400000, guid: 1afda6a74ad20f649b1cf82534fe8e68, type: 2}
      propertyPath: m_LocalRotation.y
      value: 0
      objectReference: {fileID: 0}
    - target: {fileID: 400000, guid: 1afda6a74ad20f649b1cf82534fe8e68, type: 2}
      propertyPath: m_LocalRotation.z
      value: 0
      objectReference: {fileID: 0}
    - target: {fileID: 400000, guid: 1afda6a74ad20f649b1cf82534fe8e68, type: 2}
      propertyPath: m_LocalRotation.w
      value: 1
      objectReference: {fileID: 0}
    - target: {fileID: 2300000, guid: 1afda6a74ad20f649b1cf82534fe8e68, type: 2}
      propertyPath: m_Materials.Array.data[0]
      value: 
      objectReference: {fileID: 2100000, guid: 9055decff8e4893469cda4d118d0ce7c, type: 2}
    - target: {fileID: 400000, guid: 1afda6a74ad20f649b1cf82534fe8e68, type: 2}
      propertyPath: m_LocalScale.x
      value: 1.53106308
      objectReference: {fileID: 0}
    - target: {fileID: 400000, guid: 1afda6a74ad20f649b1cf82534fe8e68, type: 2}
      propertyPath: m_LocalScale.z
      value: 1.28209841
      objectReference: {fileID: 0}
    m_RemovedComponents: []
  m_ParentPrefab: {fileID: 100100000, guid: 1afda6a74ad20f649b1cf82534fe8e68, type: 2}
  m_RootGameObject: {fileID: 1254131189}
  m_IsPrefabParent: 0
  m_IsExploded: 1
--- !u!1 &1530754408
GameObject:
  m_ObjectHideFlags: 0
  m_PrefabParentObject: {fileID: 0}
  m_PrefabInternal: {fileID: 0}
  serializedVersion: 4
  m_Component:
  - 4: {fileID: 1530754412}
  - 33: {fileID: 1530754411}
  - 65: {fileID: 1530754410}
  - 23: {fileID: 1530754409}
  m_Layer: 0
  m_Name: Cube
  m_TagString: Untagged
  m_Icon: {fileID: 0}
  m_NavMeshLayer: 0
  m_StaticEditorFlags: 0
  m_IsActive: 1
--- !u!23 &1530754409
Renderer:
  m_ObjectHideFlags: 0
  m_PrefabParentObject: {fileID: 0}
  m_PrefabInternal: {fileID: 0}
  m_GameObject: {fileID: 1530754408}
  m_Enabled: 1
  m_CastShadows: 1
  m_ReceiveShadows: 1
  m_LightmapIndex: 255
  m_LightmapTilingOffset: {x: 1, y: 1, z: 0, w: 0}
  m_Materials:
  - {fileID: 2100000, guid: 48640a57a4913f64ca80d8089df69b1a, type: 2}
  m_SubsetIndices: 
  m_StaticBatchRoot: {fileID: 0}
  m_UseLightProbes: 0
  m_LightProbeAnchor: {fileID: 0}
  m_ScaleInLightmap: 1
  m_SortingLayer: 0
  m_SortingOrder: 0
  m_SortingLayerID: 0
--- !u!65 &1530754410
BoxCollider:
  m_ObjectHideFlags: 0
  m_PrefabParentObject: {fileID: 0}
  m_PrefabInternal: {fileID: 0}
  m_GameObject: {fileID: 1530754408}
  m_Material: {fileID: 0}
  m_IsTrigger: 0
  m_Enabled: 1
  serializedVersion: 2
  m_Size: {x: 1, y: 1, z: 1}
  m_Center: {x: 0, y: 0, z: 0}
--- !u!33 &1530754411
MeshFilter:
  m_ObjectHideFlags: 0
  m_PrefabParentObject: {fileID: 0}
  m_PrefabInternal: {fileID: 0}
  m_GameObject: {fileID: 1530754408}
  m_Mesh: {fileID: 10202, guid: 0000000000000000e000000000000000, type: 0}
--- !u!4 &1530754412
Transform:
  m_ObjectHideFlags: 0
  m_PrefabParentObject: {fileID: 0}
  m_PrefabInternal: {fileID: 0}
  m_GameObject: {fileID: 1530754408}
  m_LocalRotation: {x: 0, y: .702570498, z: 0, w: .711614192}
  m_LocalPosition: {x: 27.2525158, y: 2.32769537, z: -73.5523376}
  m_LocalScale: {x: .272518933, y: 3.26274419, z: 3.3805263}
  m_Children: []
  m_Father: {fileID: 0}
--- !u!1 &1555542793
GameObject:
  m_ObjectHideFlags: 0
  m_PrefabParentObject: {fileID: 0}
  m_PrefabInternal: {fileID: 0}
  serializedVersion: 4
  m_Component:
  - 4: {fileID: 1555542797}
  - 33: {fileID: 1555542796}
  - 136: {fileID: 1555542795}
  - 23: {fileID: 1555542794}
  m_Layer: 0
  m_Name: Cylinder
  m_TagString: Untagged
  m_Icon: {fileID: 0}
  m_NavMeshLayer: 0
  m_StaticEditorFlags: 0
  m_IsActive: 1
--- !u!23 &1555542794
Renderer:
  m_ObjectHideFlags: 0
  m_PrefabParentObject: {fileID: 0}
  m_PrefabInternal: {fileID: 0}
  m_GameObject: {fileID: 1555542793}
  m_Enabled: 1
  m_CastShadows: 1
  m_ReceiveShadows: 1
  m_LightmapIndex: 255
  m_LightmapTilingOffset: {x: 1, y: 1, z: 0, w: 0}
  m_Materials:
  - {fileID: 2100000, guid: 5ed297eb4b0ccc648bd0d524d98d0bcf, type: 2}
  m_SubsetIndices: 
  m_StaticBatchRoot: {fileID: 0}
  m_UseLightProbes: 0
  m_LightProbeAnchor: {fileID: 0}
  m_ScaleInLightmap: 1
  m_SortingLayer: 0
  m_SortingOrder: 0
  m_SortingLayerID: 0
--- !u!136 &1555542795
CapsuleCollider:
  m_ObjectHideFlags: 0
  m_PrefabParentObject: {fileID: 0}
  m_PrefabInternal: {fileID: 0}
  m_GameObject: {fileID: 1555542793}
  m_Material: {fileID: 0}
  m_IsTrigger: 0
  m_Enabled: 1
  m_Radius: .5
  m_Height: 2
  m_Direction: 1
  m_Center: {x: 0, y: 0, z: 0}
--- !u!33 &1555542796
MeshFilter:
  m_ObjectHideFlags: 0
  m_PrefabParentObject: {fileID: 0}
  m_PrefabInternal: {fileID: 0}
  m_GameObject: {fileID: 1555542793}
  m_Mesh: {fileID: 10206, guid: 0000000000000000e000000000000000, type: 0}
--- !u!4 &1555542797
Transform:
  m_ObjectHideFlags: 0
  m_PrefabParentObject: {fileID: 0}
  m_PrefabInternal: {fileID: 0}
  m_GameObject: {fileID: 1555542793}
  m_LocalRotation: {x: 0, y: 0, z: 0, w: 1}
  m_LocalPosition: {x: 44.1980019, y: 1.06651783, z: -34.0628586}
  m_LocalScale: {x: 1, y: 1, z: 1}
  m_Children: []
  m_Father: {fileID: 0}
--- !u!1 &1564980934
GameObject:
  m_ObjectHideFlags: 0
  m_PrefabParentObject: {fileID: 100002, guid: 1afda6a74ad20f649b1cf82534fe8e68, type: 2}
  m_PrefabInternal: {fileID: 331751188}
  serializedVersion: 4
  m_Component:
  - 4: {fileID: 1564980938}
  - 33: {fileID: 1564980937}
  - 65: {fileID: 1564980936}
  - 23: {fileID: 1564980935}
  m_Layer: 0
  m_Name: Cube
  m_TagString: Untagged
  m_Icon: {fileID: 0}
  m_NavMeshLayer: 0
  m_StaticEditorFlags: 0
  m_IsActive: 1
--- !u!23 &1564980935
Renderer:
  m_ObjectHideFlags: 0
  m_PrefabParentObject: {fileID: 2300000, guid: 1afda6a74ad20f649b1cf82534fe8e68,
    type: 2}
  m_PrefabInternal: {fileID: 331751188}
  m_GameObject: {fileID: 1564980934}
  m_Enabled: 1
  m_CastShadows: 1
  m_ReceiveShadows: 1
  m_LightmapIndex: 255
  m_LightmapTilingOffset: {x: 1, y: 1, z: 0, w: 0}
  m_Materials:
  - {fileID: 2100000, guid: 17bbe4160cbb9f64e9a388b22c8360f7, type: 2}
  m_SubsetIndices: 
  m_StaticBatchRoot: {fileID: 0}
  m_UseLightProbes: 0
  m_LightProbeAnchor: {fileID: 0}
  m_ScaleInLightmap: 1
  m_SortingLayer: 0
  m_SortingOrder: 0
  m_SortingLayerID: 0
--- !u!65 &1564980936
BoxCollider:
  m_ObjectHideFlags: 0
  m_PrefabParentObject: {fileID: 6500000, guid: 1afda6a74ad20f649b1cf82534fe8e68,
    type: 2}
  m_PrefabInternal: {fileID: 331751188}
  m_GameObject: {fileID: 1564980934}
  m_Material: {fileID: 0}
  m_IsTrigger: 0
  m_Enabled: 1
  serializedVersion: 2
  m_Size: {x: 1, y: 1, z: 1}
  m_Center: {x: 0, y: 0, z: 0}
--- !u!33 &1564980937
MeshFilter:
  m_ObjectHideFlags: 0
  m_PrefabParentObject: {fileID: 3300000, guid: 1afda6a74ad20f649b1cf82534fe8e68,
    type: 2}
  m_PrefabInternal: {fileID: 331751188}
  m_GameObject: {fileID: 1564980934}
  m_Mesh: {fileID: 10202, guid: 0000000000000000e000000000000000, type: 0}
--- !u!4 &1564980938
Transform:
  m_ObjectHideFlags: 0
  m_PrefabParentObject: {fileID: 400002, guid: 1afda6a74ad20f649b1cf82534fe8e68, type: 2}
  m_PrefabInternal: {fileID: 331751188}
  m_GameObject: {fileID: 1564980934}
  m_LocalRotation: {x: 0, y: 0, z: 0, w: 1}
  m_LocalPosition: {x: 1.11370063, y: -6.69052124, z: -9.19040489}
  m_LocalScale: {x: 18.8980904, y: .1079854, z: 22.1185532}
  m_Children: []
  m_Father: {fileID: 908257820}
--- !u!1 &1591552841
GameObject:
  m_ObjectHideFlags: 0
  m_PrefabParentObject: {fileID: 100000, guid: 4c85abd0a4d974473b97e81d10a3a6bc, type: 3}
  m_PrefabInternal: {fileID: 1868566774}
  serializedVersion: 4
  m_Component:
  - 4: {fileID: 1591552845}
  - 33: {fileID: 1591552844}
  - 23: {fileID: 1591552843}
  - 111: {fileID: 1591552842}
  m_Layer: 0
  m_Name: Palm
  m_TagString: Untagged
  m_Icon: {fileID: 0}
  m_NavMeshLayer: 0
  m_StaticEditorFlags: 0
  m_IsActive: 1
--- !u!111 &1591552842
Animation:
  m_ObjectHideFlags: 0
  m_PrefabParentObject: {fileID: 11100000, guid: 4c85abd0a4d974473b97e81d10a3a6bc,
    type: 3}
  m_PrefabInternal: {fileID: 1868566774}
  m_GameObject: {fileID: 1591552841}
  m_Enabled: 1
  serializedVersion: 3
  m_Animation: {fileID: 0}
  m_Animations: []
  m_WrapMode: 0
  m_PlayAutomatically: 1
  m_AnimatePhysics: 0
  m_CullingType: 0
--- !u!23 &1591552843
Renderer:
  m_ObjectHideFlags: 0
  m_PrefabParentObject: {fileID: 2300000, guid: 4c85abd0a4d974473b97e81d10a3a6bc,
    type: 3}
  m_PrefabInternal: {fileID: 1868566774}
  m_GameObject: {fileID: 1591552841}
  m_Enabled: 1
  m_CastShadows: 1
  m_ReceiveShadows: 1
  m_LightmapIndex: 255
  m_LightmapTilingOffset: {x: 1, y: 1, z: 0, w: 0}
  m_Materials:
  - {fileID: 2100000, guid: e5bdb6135a74b444d8cebd065dbf9d08, type: 2}
  - {fileID: 2100000, guid: 3186f38ca67e7441e8299da2e169f9f9, type: 2}
  m_SubsetIndices: 
  m_StaticBatchRoot: {fileID: 0}
  m_UseLightProbes: 0
  m_LightProbeAnchor: {fileID: 0}
  m_ScaleInLightmap: 1
  m_SortingLayer: 0
  m_SortingOrder: 0
  m_SortingLayerID: 0
--- !u!33 &1591552844
MeshFilter:
  m_ObjectHideFlags: 0
  m_PrefabParentObject: {fileID: 3300000, guid: 4c85abd0a4d974473b97e81d10a3a6bc,
    type: 3}
  m_PrefabInternal: {fileID: 1868566774}
  m_GameObject: {fileID: 1591552841}
  m_Mesh: {fileID: 4300000, guid: 4c85abd0a4d974473b97e81d10a3a6bc, type: 3}
--- !u!4 &1591552845
Transform:
  m_ObjectHideFlags: 0
  m_PrefabParentObject: {fileID: 400000, guid: 4c85abd0a4d974473b97e81d10a3a6bc, type: 3}
  m_PrefabInternal: {fileID: 1868566774}
  m_GameObject: {fileID: 1591552841}
  m_LocalRotation: {x: -.069108665, y: -.0596749894, z: .6508286, w: .753714263}
  m_LocalPosition: {x: 13.7423725, y: 2.88351917, z: 6.44916105}
  m_LocalScale: {x: .524293303, y: .471629322, z: .499898255}
  m_Children: []
  m_Father: {fileID: 0}
--- !u!1 &1642565202
GameObject:
  m_ObjectHideFlags: 0
  m_PrefabParentObject: {fileID: 0}
  m_PrefabInternal: {fileID: 0}
  serializedVersion: 4
  m_Component:
  - 4: {fileID: 1642565206}
  - 33: {fileID: 1642565205}
  - 65: {fileID: 1642565204}
  - 23: {fileID: 1642565203}
  m_Layer: 0
  m_Name: Cube
  m_TagString: Untagged
  m_Icon: {fileID: 0}
  m_NavMeshLayer: 0
  m_StaticEditorFlags: 0
  m_IsActive: 1
--- !u!23 &1642565203
Renderer:
  m_ObjectHideFlags: 0
  m_PrefabParentObject: {fileID: 0}
  m_PrefabInternal: {fileID: 0}
  m_GameObject: {fileID: 1642565202}
  m_Enabled: 1
  m_CastShadows: 1
  m_ReceiveShadows: 1
  m_LightmapIndex: 255
  m_LightmapTilingOffset: {x: 1, y: 1, z: 0, w: 0}
  m_Materials:
  - {fileID: 2100000, guid: b98603eadf4117a4d96a57f10961477b, type: 2}
  m_SubsetIndices: 
  m_StaticBatchRoot: {fileID: 0}
  m_UseLightProbes: 0
  m_LightProbeAnchor: {fileID: 0}
  m_ScaleInLightmap: 1
  m_SortingLayer: 0
  m_SortingOrder: 0
  m_SortingLayerID: 0
--- !u!65 &1642565204
BoxCollider:
  m_ObjectHideFlags: 0
  m_PrefabParentObject: {fileID: 0}
  m_PrefabInternal: {fileID: 0}
  m_GameObject: {fileID: 1642565202}
  m_Material: {fileID: 0}
  m_IsTrigger: 0
  m_Enabled: 1
  serializedVersion: 2
  m_Size: {x: 1, y: 1, z: 1}
  m_Center: {x: 0, y: 0, z: 0}
--- !u!33 &1642565205
MeshFilter:
  m_ObjectHideFlags: 0
  m_PrefabParentObject: {fileID: 0}
  m_PrefabInternal: {fileID: 0}
  m_GameObject: {fileID: 1642565202}
  m_Mesh: {fileID: 10202, guid: 0000000000000000e000000000000000, type: 0}
--- !u!4 &1642565206
Transform:
  m_ObjectHideFlags: 0
  m_PrefabParentObject: {fileID: 0}
  m_PrefabInternal: {fileID: 0}
  m_GameObject: {fileID: 1642565202}
  m_LocalRotation: {x: 0, y: 0, z: 0, w: 1}
  m_LocalPosition: {x: -12.5618134, y: 2.32769537, z: -3.70910263}
  m_LocalScale: {x: .272518873, y: 1.77410698, z: 1.85764062}
  m_Children: []
  m_Father: {fileID: 0}
--- !u!1 &1669759631
GameObject:
  m_ObjectHideFlags: 0
  m_PrefabParentObject: {fileID: 0}
  m_PrefabInternal: {fileID: 0}
  serializedVersion: 4
  m_Component:
  - 4: {fileID: 1669759635}
  - 33: {fileID: 1669759634}
  - 135: {fileID: 1669759633}
  - 23: {fileID: 1669759632}
  m_Layer: 0
  m_Name: Sphere
  m_TagString: Untagged
  m_Icon: {fileID: 0}
  m_NavMeshLayer: 0
  m_StaticEditorFlags: 0
  m_IsActive: 1
--- !u!23 &1669759632
Renderer:
  m_ObjectHideFlags: 0
  m_PrefabParentObject: {fileID: 0}
  m_PrefabInternal: {fileID: 0}
  m_GameObject: {fileID: 1669759631}
  m_Enabled: 1
  m_CastShadows: 1
  m_ReceiveShadows: 1
  m_LightmapIndex: 255
  m_LightmapTilingOffset: {x: 1, y: 1, z: 0, w: 0}
  m_Materials:
  - {fileID: 2100000, guid: 5ed297eb4b0ccc648bd0d524d98d0bcf, type: 2}
  m_SubsetIndices: 
  m_StaticBatchRoot: {fileID: 0}
  m_UseLightProbes: 0
  m_LightProbeAnchor: {fileID: 0}
  m_ScaleInLightmap: 1
  m_SortingLayer: 0
  m_SortingOrder: 0
  m_SortingLayerID: 0
--- !u!135 &1669759633
SphereCollider:
  m_ObjectHideFlags: 0
  m_PrefabParentObject: {fileID: 0}
  m_PrefabInternal: {fileID: 0}
  m_GameObject: {fileID: 1669759631}
  m_Material: {fileID: 0}
  m_IsTrigger: 0
  m_Enabled: 1
  serializedVersion: 2
  m_Radius: .5
  m_Center: {x: 0, y: 0, z: 0}
--- !u!33 &1669759634
MeshFilter:
  m_ObjectHideFlags: 0
  m_PrefabParentObject: {fileID: 0}
  m_PrefabInternal: {fileID: 0}
  m_GameObject: {fileID: 1669759631}
  m_Mesh: {fileID: 10207, guid: 0000000000000000e000000000000000, type: 0}
--- !u!4 &1669759635
Transform:
  m_ObjectHideFlags: 0
  m_PrefabParentObject: {fileID: 0}
  m_PrefabInternal: {fileID: 0}
  m_GameObject: {fileID: 1669759631}
  m_LocalRotation: {x: 0, y: 0, z: 0, w: 1}
  m_LocalPosition: {x: 32.153286, y: 1.49345255, z: 9.12029457}
  m_LocalScale: {x: 3.51927662, y: 3.09252596, z: 3.28451586}
  m_Children: []
  m_Father: {fileID: 0}
--- !u!1 &1687587322
GameObject:
  m_ObjectHideFlags: 0
  m_PrefabParentObject: {fileID: 100002, guid: 1afda6a74ad20f649b1cf82534fe8e68, type: 2}
  m_PrefabInternal: {fileID: 1071393421}
  serializedVersion: 4
  m_Component:
  - 4: {fileID: 1687587326}
  - 33: {fileID: 1687587325}
  - 65: {fileID: 1687587324}
  - 23: {fileID: 1687587323}
  m_Layer: 0
  m_Name: Cube
  m_TagString: Untagged
  m_Icon: {fileID: 0}
  m_NavMeshLayer: 0
  m_StaticEditorFlags: 0
  m_IsActive: 1
--- !u!23 &1687587323
Renderer:
  m_ObjectHideFlags: 0
  m_PrefabParentObject: {fileID: 2300000, guid: 1afda6a74ad20f649b1cf82534fe8e68,
    type: 2}
  m_PrefabInternal: {fileID: 1071393421}
  m_GameObject: {fileID: 1687587322}
  m_Enabled: 1
  m_CastShadows: 1
  m_ReceiveShadows: 1
  m_LightmapIndex: 255
  m_LightmapTilingOffset: {x: 1, y: 1, z: 0, w: 0}
  m_Materials:
  - {fileID: 2100000, guid: ff125557951189440b652aafb2406e3a, type: 2}
  m_SubsetIndices: 
  m_StaticBatchRoot: {fileID: 0}
  m_UseLightProbes: 0
  m_LightProbeAnchor: {fileID: 0}
  m_ScaleInLightmap: 1
  m_SortingLayer: 0
  m_SortingOrder: 0
  m_SortingLayerID: 0
--- !u!65 &1687587324
BoxCollider:
  m_ObjectHideFlags: 0
  m_PrefabParentObject: {fileID: 6500000, guid: 1afda6a74ad20f649b1cf82534fe8e68,
    type: 2}
  m_PrefabInternal: {fileID: 1071393421}
  m_GameObject: {fileID: 1687587322}
  m_Material: {fileID: 0}
  m_IsTrigger: 0
  m_Enabled: 1
  serializedVersion: 2
  m_Size: {x: 1, y: 1, z: 1}
  m_Center: {x: 0, y: 0, z: 0}
--- !u!33 &1687587325
MeshFilter:
  m_ObjectHideFlags: 0
  m_PrefabParentObject: {fileID: 3300000, guid: 1afda6a74ad20f649b1cf82534fe8e68,
    type: 2}
  m_PrefabInternal: {fileID: 1071393421}
  m_GameObject: {fileID: 1687587322}
  m_Mesh: {fileID: 10202, guid: 0000000000000000e000000000000000, type: 0}
--- !u!4 &1687587326
Transform:
  m_ObjectHideFlags: 0
  m_PrefabParentObject: {fileID: 400002, guid: 1afda6a74ad20f649b1cf82534fe8e68, type: 2}
  m_PrefabInternal: {fileID: 1071393421}
  m_GameObject: {fileID: 1687587322}
  m_LocalRotation: {x: 0, y: 0, z: 0, w: 1}
  m_LocalPosition: {x: 1.11370063, y: -6.69052124, z: -9.19040489}
  m_LocalScale: {x: 18.8980904, y: .1079854, z: 22.1185532}
  m_Children: []
  m_Father: {fileID: 885404114}
--- !u!1001 &1868566774
Prefab:
  m_ObjectHideFlags: 0
  serializedVersion: 2
  m_Modification:
    m_TransformParent: {fileID: 0}
    m_Modifications:
    - target: {fileID: 400000, guid: 4c85abd0a4d974473b97e81d10a3a6bc, type: 3}
      propertyPath: m_LocalPosition.x
      value: 13.7423725
      objectReference: {fileID: 0}
    - target: {fileID: 400000, guid: 4c85abd0a4d974473b97e81d10a3a6bc, type: 3}
      propertyPath: m_LocalPosition.y
      value: 2.88351917
      objectReference: {fileID: 0}
    - target: {fileID: 400000, guid: 4c85abd0a4d974473b97e81d10a3a6bc, type: 3}
      propertyPath: m_LocalPosition.z
      value: 6.44916105
      objectReference: {fileID: 0}
    - target: {fileID: 400000, guid: 4c85abd0a4d974473b97e81d10a3a6bc, type: 3}
      propertyPath: m_LocalRotation.x
      value: -.069108665
      objectReference: {fileID: 0}
    - target: {fileID: 400000, guid: 4c85abd0a4d974473b97e81d10a3a6bc, type: 3}
      propertyPath: m_LocalRotation.y
      value: -.0596749894
      objectReference: {fileID: 0}
    - target: {fileID: 400000, guid: 4c85abd0a4d974473b97e81d10a3a6bc, type: 3}
      propertyPath: m_LocalRotation.z
      value: .6508286
      objectReference: {fileID: 0}
    - target: {fileID: 400000, guid: 4c85abd0a4d974473b97e81d10a3a6bc, type: 3}
      propertyPath: m_LocalRotation.w
      value: .753714263
      objectReference: {fileID: 0}
    - target: {fileID: 400000, guid: 4c85abd0a4d974473b97e81d10a3a6bc, type: 3}
      propertyPath: m_LocalScale.y
      value: .471629322
      objectReference: {fileID: 0}
    - target: {fileID: 400000, guid: 4c85abd0a4d974473b97e81d10a3a6bc, type: 3}
      propertyPath: m_LocalScale.x
      value: .524293303
      objectReference: {fileID: 0}
    - target: {fileID: 400000, guid: 4c85abd0a4d974473b97e81d10a3a6bc, type: 3}
      propertyPath: m_LocalScale.z
      value: .499898255
      objectReference: {fileID: 0}
    m_RemovedComponents: []
  m_ParentPrefab: {fileID: 100100000, guid: 4c85abd0a4d974473b97e81d10a3a6bc, type: 3}
  m_RootGameObject: {fileID: 1591552841}
  m_IsPrefabParent: 0
  m_IsExploded: 1
--- !u!1 &1933995837
GameObject:
  m_ObjectHideFlags: 0
  m_PrefabParentObject: {fileID: 0}
  m_PrefabInternal: {fileID: 0}
  serializedVersion: 4
  m_Component:
  - 4: {fileID: 1933995841}
  - 33: {fileID: 1933995840}
  - 136: {fileID: 1933995839}
  - 23: {fileID: 1933995838}
  m_Layer: 0
  m_Name: Cylinder
  m_TagString: Untagged
  m_Icon: {fileID: 0}
  m_NavMeshLayer: 0
  m_StaticEditorFlags: 0
  m_IsActive: 1
--- !u!23 &1933995838
Renderer:
  m_ObjectHideFlags: 0
  m_PrefabParentObject: {fileID: 0}
  m_PrefabInternal: {fileID: 0}
  m_GameObject: {fileID: 1933995837}
  m_Enabled: 1
  m_CastShadows: 1
  m_ReceiveShadows: 1
  m_LightmapIndex: 255
  m_LightmapTilingOffset: {x: 1, y: 1, z: 0, w: 0}
  m_Materials:
  - {fileID: 2100000, guid: 5ed297eb4b0ccc648bd0d524d98d0bcf, type: 2}
  m_SubsetIndices: 
  m_StaticBatchRoot: {fileID: 0}
  m_UseLightProbes: 0
  m_LightProbeAnchor: {fileID: 0}
  m_ScaleInLightmap: 1
  m_SortingLayer: 0
  m_SortingOrder: 0
  m_SortingLayerID: 0
--- !u!136 &1933995839
CapsuleCollider:
  m_ObjectHideFlags: 0
  m_PrefabParentObject: {fileID: 0}
  m_PrefabInternal: {fileID: 0}
  m_GameObject: {fileID: 1933995837}
  m_Material: {fileID: 0}
  m_IsTrigger: 0
  m_Enabled: 1
  m_Radius: .5
  m_Height: 2
  m_Direction: 1
  m_Center: {x: 0, y: 0, z: 0}
--- !u!33 &1933995840
MeshFilter:
  m_ObjectHideFlags: 0
  m_PrefabParentObject: {fileID: 0}
  m_PrefabInternal: {fileID: 0}
  m_GameObject: {fileID: 1933995837}
  m_Mesh: {fileID: 10206, guid: 0000000000000000e000000000000000, type: 0}
--- !u!4 &1933995841
Transform:
  m_ObjectHideFlags: 0
  m_PrefabParentObject: {fileID: 0}
  m_PrefabInternal: {fileID: 0}
  m_GameObject: {fileID: 1933995837}
  m_LocalRotation: {x: 0, y: 0, z: 0, w: 1}
  m_LocalPosition: {x: 44.1980019, y: 1.46030045, z: -72.2921448}
  m_LocalScale: {x: 1, y: 1, z: 1}
  m_Children: []
  m_Father: {fileID: 0}
--- !u!1 &1984378890
GameObject:
  m_ObjectHideFlags: 0
  m_PrefabParentObject: {fileID: 100008, guid: 1afda6a74ad20f649b1cf82534fe8e68, type: 2}
  m_PrefabInternal: {fileID: 331751188}
  serializedVersion: 4
  m_Component:
  - 4: {fileID: 1984378891}
  - 33: {fileID: 1984378894}
  - 65: {fileID: 1984378893}
  - 23: {fileID: 1984378892}
  m_Layer: 0
  m_Name: Cube
  m_TagString: Untagged
  m_Icon: {fileID: 0}
  m_NavMeshLayer: 0
  m_StaticEditorFlags: 0
  m_IsActive: 1
--- !u!4 &1984378891
Transform:
  m_ObjectHideFlags: 0
  m_PrefabParentObject: {fileID: 400008, guid: 1afda6a74ad20f649b1cf82534fe8e68, type: 2}
  m_PrefabInternal: {fileID: 331751188}
  m_GameObject: {fileID: 1984378890}
  m_LocalRotation: {x: 0, y: 0, z: 0, w: 1}
  m_LocalPosition: {x: 9.80004692, y: -4.6514492, z: -9.19040489}
  m_LocalScale: {x: .0446033701, y: 4.32601261, z: 22.9712811}
  m_Children: []
  m_Father: {fileID: 908257820}
--- !u!23 &1984378892
Renderer:
  m_ObjectHideFlags: 0
  m_PrefabParentObject: {fileID: 2300006, guid: 1afda6a74ad20f649b1cf82534fe8e68,
    type: 2}
  m_PrefabInternal: {fileID: 331751188}
  m_GameObject: {fileID: 1984378890}
  m_Enabled: 1
  m_CastShadows: 1
  m_ReceiveShadows: 1
  m_LightmapIndex: 255
  m_LightmapTilingOffset: {x: 1, y: 1, z: 0, w: 0}
  m_Materials:
  - {fileID: 10302, guid: 0000000000000000f000000000000000, type: 0}
  m_SubsetIndices: 
  m_StaticBatchRoot: {fileID: 0}
  m_UseLightProbes: 0
  m_LightProbeAnchor: {fileID: 0}
  m_ScaleInLightmap: 1
  m_SortingLayer: 0
  m_SortingOrder: 0
  m_SortingLayerID: 0
--- !u!65 &1984378893
BoxCollider:
  m_ObjectHideFlags: 0
  m_PrefabParentObject: {fileID: 6500006, guid: 1afda6a74ad20f649b1cf82534fe8e68,
    type: 2}
  m_PrefabInternal: {fileID: 331751188}
  m_GameObject: {fileID: 1984378890}
  m_Material: {fileID: 0}
  m_IsTrigger: 0
  m_Enabled: 1
  serializedVersion: 2
  m_Size: {x: 1, y: 1, z: 1}
  m_Center: {x: 0, y: 0, z: 0}
--- !u!33 &1984378894
MeshFilter:
  m_ObjectHideFlags: 0
  m_PrefabParentObject: {fileID: 3300006, guid: 1afda6a74ad20f649b1cf82534fe8e68,
    type: 2}
  m_PrefabInternal: {fileID: 331751188}
  m_GameObject: {fileID: 1984378890}
  m_Mesh: {fileID: 10202, guid: 0000000000000000e000000000000000, type: 0}
--- !u!1 &2036990909
GameObject:
  m_ObjectHideFlags: 0
  m_PrefabParentObject: {fileID: 100004, guid: 1afda6a74ad20f649b1cf82534fe8e68, type: 2}
  m_PrefabInternal: {fileID: 331751188}
  serializedVersion: 4
  m_Component:
  - 4: {fileID: 2036990910}
  - 33: {fileID: 2036990913}
  - 65: {fileID: 2036990912}
  - 23: {fileID: 2036990911}
  m_Layer: 0
  m_Name: Cube
  m_TagString: Untagged
  m_Icon: {fileID: 0}
  m_NavMeshLayer: 0
  m_StaticEditorFlags: 0
  m_IsActive: 1
--- !u!4 &2036990910
Transform:
  m_ObjectHideFlags: 0
  m_PrefabParentObject: {fileID: 400004, guid: 1afda6a74ad20f649b1cf82534fe8e68, type: 2}
  m_PrefabInternal: {fileID: 331751188}
  m_GameObject: {fileID: 2036990909}
  m_LocalRotation: {x: 0, y: .707106829, z: 0, w: .707106829}
  m_LocalPosition: {x: 1.45006132, y: -4.6514492, z: -19.8637753}
  m_LocalScale: {x: .0446033701, y: 4.32601261, z: 22.9712811}
  m_Children: []
  m_Father: {fileID: 908257820}
--- !u!23 &2036990911
Renderer:
  m_ObjectHideFlags: 0
  m_PrefabParentObject: {fileID: 2300002, guid: 1afda6a74ad20f649b1cf82534fe8e68,
    type: 2}
  m_PrefabInternal: {fileID: 331751188}
  m_GameObject: {fileID: 2036990909}
  m_Enabled: 1
  m_CastShadows: 1
  m_ReceiveShadows: 1
  m_LightmapIndex: 255
  m_LightmapTilingOffset: {x: 1, y: 1, z: 0, w: 0}
  m_Materials:
  - {fileID: 10302, guid: 0000000000000000f000000000000000, type: 0}
  m_SubsetIndices: 
  m_StaticBatchRoot: {fileID: 0}
  m_UseLightProbes: 0
  m_LightProbeAnchor: {fileID: 0}
  m_ScaleInLightmap: 1
  m_SortingLayer: 0
  m_SortingOrder: 0
  m_SortingLayerID: 0
--- !u!65 &2036990912
BoxCollider:
  m_ObjectHideFlags: 0
  m_PrefabParentObject: {fileID: 6500002, guid: 1afda6a74ad20f649b1cf82534fe8e68,
    type: 2}
  m_PrefabInternal: {fileID: 331751188}
  m_GameObject: {fileID: 2036990909}
  m_Material: {fileID: 0}
  m_IsTrigger: 0
  m_Enabled: 1
  serializedVersion: 2
  m_Size: {x: 1, y: 1, z: 1}
  m_Center: {x: 0, y: 0, z: 0}
--- !u!33 &2036990913
MeshFilter:
  m_ObjectHideFlags: 0
  m_PrefabParentObject: {fileID: 3300002, guid: 1afda6a74ad20f649b1cf82534fe8e68,
    type: 2}
  m_PrefabInternal: {fileID: 331751188}
  m_GameObject: {fileID: 2036990909}
  m_Mesh: {fileID: 10202, guid: 0000000000000000e000000000000000, type: 0}
--- !u!1 &2045379587
GameObject:
  m_ObjectHideFlags: 0
  m_PrefabParentObject: {fileID: 0}
  m_PrefabInternal: {fileID: 0}
  serializedVersion: 4
  m_Component:
  - 4: {fileID: 2045379590}
  - 114: {fileID: 2045379588}
  - 114: {fileID: 2045379589}
  m_Layer: 0
  m_Name: Logic
  m_TagString: Untagged
  m_Icon: {fileID: 0}
  m_NavMeshLayer: 0
  m_StaticEditorFlags: 0
  m_IsActive: 1
--- !u!114 &2045379588
MonoBehaviour:
  m_ObjectHideFlags: 0
  m_PrefabParentObject: {fileID: 0}
  m_PrefabInternal: {fileID: 0}
  m_GameObject: {fileID: 2045379587}
  m_Enabled: 1
  m_EditorHideFlags: 0
  m_Script: {fileID: 11500000, guid: c373b5eedcf28e944a66cca5db95021c, type: 3}
  m_Name: 
  m_EditorClassIdentifier: 
  prefabs:
  - {fileID: 100000, guid: a47d55dd3b4a94118a5cf031445b7203, type: 2}
  - {fileID: 100000, guid: 8eda39192685240aea49b44fd5422ac3, type: 2}
  - {fileID: 100000, guid: 9e46e94ecf5ec450fb51ef0f22174cb5, type: 2}
  replaceIfExists: 1
--- !u!114 &2045379589
MonoBehaviour:
  m_ObjectHideFlags: 0
  m_PrefabParentObject: {fileID: 0}
  m_PrefabInternal: {fileID: 0}
  m_GameObject: {fileID: 2045379587}
  m_Enabled: 1
  m_EditorHideFlags: 0
  m_Script: {fileID: 11500000, guid: 33ae5313820a94f7488855575f9323ea, type: 3}
  m_Name: 
  m_EditorClassIdentifier: 
  numPlayers: 2
  gameServerPort: 9999
--- !u!4 &2045379590
Transform:
  m_ObjectHideFlags: 0
  m_PrefabParentObject: {fileID: 0}
  m_PrefabInternal: {fileID: 0}
  m_GameObject: {fileID: 2045379587}
  m_LocalRotation: {x: 0, y: 0, z: 0, w: 1}
  m_LocalPosition: {x: 0, y: 0, z: 0}
  m_LocalScale: {x: 1, y: 1, z: 1}
  m_Children: []
  m_Father: {fileID: 0}
